Ticker,Date,Time,LTP,BuyPrice,BuyQty,SellPrice,SellQty,LTQ,OpenInterest
RELIANCE.BSE,02/01/2024,09:07:02,2587.65,2587.65,468,2587.65,468,468,0
RELIANCE.BSE,02/01/2024,09:07:02,2587.65,2587.65,468,2587.65,468,0,0
RELIANCE.BSE,02/01/2024,09:07:02,2587.65,2587.65,468,2587.65,468,0,0
RELIANCE.BSE,02/01/2024,09:07:02,2587.65,2587.65,468,2587.65,468,0,0
RELIANCE.BSE,02/01/2024,09:15:00,2587.65,2587.65,15,2587.65,15,15,0
RELIANCE.BSE,02/01/2024,09:15:03,2585.15,2585.3,190,2585.1,190,190,0
RELIANCE.BSE,02/01/2024,09:15:03,2585.1,2585.3,190,2585.1,190,0,0
RELIANCE.BSE,02/01/2024,09:15:07,2587.3,2587.3,1,2587.3,1,1,0
RELIANCE.BSE,02/01/2024,09:15:07,2587.75,2587.75,10,2587.65,10,10,0
RELIANCE.BSE,02/01/2024,09:15:07,2587.75,2587.75,10,2587.65,10,0,0
RELIANCE.BSE,02/01/2024,09:15:07,2585,2585.05,39,2585,39,39,0
RELIANCE.BSE,02/01/2024,09:15:07,2585,2585.05,39,2585,39,0,0
RELIANCE.BSE,02/01/2024,09:15:08,2587.5,2587.5,2,2587.5,2,2,0
RELIANCE.BSE,02/01/2024,09:15:09,2587.85,2587.85,1,2587.85,1,1,0
RELIANCE.BSE,02/01/2024,09:15:09,2587.85,2587.85,1,2587.85,1,0,0
RELIANCE.BSE,02/01/2024,09:15:14,2587.7,2587.7,20,2587.7,20,20,0
RELIANCE.BSE,02/01/2024,09:15:15,2585.25,2585.3,8,2585.25,8,8,0
RELIANCE.BSE,02/01/2024,09:15:15,2585.25,2585.25,15,2585.25,15,15,0
RELIANCE.BSE,02/01/2024,09:15:15,2587.9,2587.9,2,2587.9,2,2,0
RELIANCE.BSE,02/01/2024,09:15:15,2587.9,2587.9,2,2587.9,2,0,0
RELIANCE.BSE,02/01/2024,09:15:18,2587,2587.05,50,2587,50,50,0
RELIANCE.BSE,02/01/2024,09:15:19,2587.85,2587.9,10,2587.85,10,10,0
RELIANCE.BSE,02/01/2024,09:15:23,2585.7,2585.7,20,2585.7,20,20,0
RELIANCE.BSE,02/01/2024,09:15:24,2585.7,2585.7,20,2585.7,20,20,0
RELIANCE.BSE,02/01/2024,09:15:25,2587.5,2587.5,2,2587.5,2,2,0
RELIANCE.BSE,02/01/2024,09:15:26,2585.2,2585.2,1,2585.2,1,1,0
RELIANCE.BSE,02/01/2024,09:15:26,2585,2585,9,2585,9,9,0
RELIANCE.BSE,02/01/2024,09:15:29,2585.6,2585.6,25,2585.6,25,25,0
RELIANCE.BSE,02/01/2024,09:15:29,2586.55,2587.05,3,2586.55,3,3,0
RELIANCE.BSE,02/01/2024,09:15:32,2587.45,2587.45,20,2587.45,20,20,0
RELIANCE.BSE,02/01/2024,09:15:35,2588.3,2588.3,2,2588.3,2,2,0
RELIANCE.BSE,02/01/2024,09:15:35,2588.3,2588.3,2,2588.3,2,0,0
RELIANCE.BSE,02/01/2024,09:15:35,2588.5,2588.5,100,2588.5,100,100,0
RELIANCE.BSE,02/01/2024,09:15:35,2588.5,2588.5,100,2588.5,100,0,0
RELIANCE.BSE,02/01/2024,09:15:36,2589.85,2589.85,116,2589,116,116,0
RELIANCE.BSE,02/01/2024,09:15:36,2589.85,2589.85,116,2589,116,0,0
RELIANCE.BSE,02/01/2024,09:15:36,2590.05,2590.05,113,2589.85,113,113,0
RELIANCE.BSE,02/01/2024,09:15:36,2590.05,2590.05,113,2589.85,113,0,0
RELIANCE.BSE,02/01/2024,09:15:36,2590.7,2590.7,211,2590.7,211,211,0
RELIANCE.BSE,02/01/2024,09:15:36,2590.7,2590.7,211,2590.7,211,0,0
RELIANCE.BSE,02/01/2024,09:15:36,2590.35,2590.35,1,2590.35,1,1,0
RELIANCE.BSE,02/01/2024,09:15:37,2590.3,2590.3,1,2590.3,1,1,0
RELIANCE.BSE,02/01/2024,09:15:37,2590.3,2590.3,1,2590.3,1,1,0
RELIANCE.BSE,02/01/2024,09:15:37,2590.4,2590.4,3,2590.4,3,3,0
RELIANCE.BSE,02/01/2024,09:15:42,2589.85,2589.85,12,2589.85,12,12,0
RELIANCE.BSE,02/01/2024,09:15:44,2590.05,2590.05,2,2590.05,2,2,0
RELIANCE.BSE,02/01/2024,09:15:45,2590.05,2590.05,1,2590.05,1,1,0
RELIANCE.BSE,02/01/2024,09:15:45,2589.95,2589.95,3,2589.95,3,3,0
RELIANCE.BSE,02/01/2024,09:15:48,2590.2,2590.2,40,2590.2,40,40,0
RELIANCE.BSE,02/01/2024,09:15:49,2588.45,2588.45,1,2588.45,1,1,0
RELIANCE.BSE,02/01/2024,09:15:59,2588.9,2588.9,9,2588.9,9,9,0
RELIANCE.BSE,02/01/2024,09:16:02,2590.7,2590.7,18,2590.65,18,18,0
RELIANCE.BSE,02/01/2024,09:16:02,2590.65,2590.65,41,2590.65,41,41,0
RELIANCE.BSE,02/01/2024,09:16:02,2590.7,2590.7,44,2590.7,44,44,0
RELIANCE.BSE,02/01/2024,09:16:04,2591.1,2591.1,1,2591.1,1,1,0
RELIANCE.BSE,02/01/2024,09:16:04,2591.1,2591.1,1,2591.1,1,0,0
RELIANCE.BSE,02/01/2024,09:16:05,2592.25,2592.25,6,2592.25,6,6,0
RELIANCE.BSE,02/01/2024,09:16:05,2592.25,2592.25,6,2592.25,6,0,0
RELIANCE.BSE,02/01/2024,09:16:05,2593.35,2593.35,1,2593.35,1,1,0
RELIANCE.BSE,02/01/2024,09:16:05,2593.35,2593.35,1,2593.35,1,0,0
RELIANCE.BSE,02/01/2024,09:16:08,2592.55,2592.55,6,2592.55,6,6,0
RELIANCE.BSE,02/01/2024,09:16:09,2592,2592,6,2592,6,6,0
RELIANCE.BSE,02/01/2024,09:16:10,2591.8,2591.8,6,2591.8,6,6,0
RELIANCE.BSE,02/01/2024,09:16:16,2591.5,2591.5,6,2591.5,6,6,0
RELIANCE.BSE,02/01/2024,09:16:17,2590.95,2590.95,6,2590.95,6,6,0
RELIANCE.BSE,02/01/2024,09:16:14,2592,2592,7,2591.8,7,7,0
RELIANCE.BSE,02/01/2024,09:16:21,2592.15,2592.15,6,2592.15,6,6,0
RELIANCE.BSE,02/01/2024,09:16:22,2592.2,2592.65,100,2592.2,100,100,0
RELIANCE.BSE,02/01/2024,09:16:22,2591.95,2591.95,6,2591.95,6,6,0
RELIANCE.BSE,02/01/2024,09:16:28,2591.15,2591.15,7,2591.15,7,7,0
RELIANCE.BSE,02/01/2024,09:16:33,2591.65,2591.65,3,2591.65,3,3,0
RELIANCE.BSE,02/01/2024,09:16:35,2591.25,2591.25,10,2591.25,10,10,0
RELIANCE.BSE,02/01/2024,09:16:35,2591.95,2591.95,5,2591.95,5,5,0
RELIANCE.BSE,02/01/2024,09:16:37,2591.55,2592.4,13,2591.55,13,13,0
RELIANCE.BSE,02/01/2024,09:16:39,2591.55,2591.55,5,2591.55,5,5,0
RELIANCE.BSE,02/01/2024,09:16:41,2592.35,2592.35,20,2592.35,20,20,0
RELIANCE.BSE,02/01/2024,09:16:42,2593.15,2593.15,30,2593,30,30,0
RELIANCE.BSE,02/01/2024,09:16:43,2593.15,2593.15,1,2593.15,1,1,0
RELIANCE.BSE,02/01/2024,09:16:45,2592.2,2592.4,12,2592.2,12,12,0
RELIANCE.BSE,02/01/2024,09:16:45,2592.15,2592.15,6,2592.15,6,6,0
RELIANCE.BSE,02/01/2024,09:16:46,2593.25,2593.25,6,2593.25,6,6,0
RELIANCE.BSE,02/01/2024,09:16:47,2593.8,2593.8,6,2593.8,6,6,0
RELIANCE.BSE,02/01/2024,09:16:47,2593.8,2593.8,6,2593.8,6,0,0
RELIANCE.BSE,02/01/2024,09:16:50,2593.45,2593.8,15,2593.45,15,15,0
RELIANCE.BSE,02/01/2024,09:16:51,2594,2594.4,100,2594,100,100,0
RELIANCE.BSE,02/01/2024,09:16:51,2594.4,2594.4,100,2594,100,0,0
RELIANCE.BSE,02/01/2024,09:16:51,2593.15,2593.15,6,2593.15,6,6,0
RELIANCE.BSE,02/01/2024,09:16:54,2594.05,2594.05,4,2594.05,4,4,0
RELIANCE.BSE,02/01/2024,09:16:55,2594.1,2594.1,20,2594.05,20,20,0
RELIANCE.BSE,02/01/2024,09:16:55,2593.45,2593.45,3,2593.45,3,3,0
RELIANCE.BSE,02/01/2024,09:16:55,2592.5,2592.5,19,2592.5,19,19,0
RELIANCE.BSE,02/01/2024,09:16:55,2592.35,2592.35,15,2592.35,15,15,0
RELIANCE.BSE,02/01/2024,09:17:02,2592.2,2592.2,21,2592.2,21,21,0
RELIANCE.BSE,02/01/2024,09:17:00,2592.15,2592.15,5,2592.15,5,5,0
RELIANCE.BSE,02/01/2024,09:17:00,2592.15,2592.15,1,2592.15,1,1,0
RELIANCE.BSE,02/01/2024,09:17:03,2593.3,2593.3,6,2593.3,6,6,0
RELIANCE.BSE,02/01/2024,09:17:08,2593.3,2593.3,6,2593.3,6,6,0
RELIANCE.BSE,02/01/2024,09:17:11,2594,2594.05,200,2593.95,200,200,0
RELIANCE.BSE,02/01/2024,09:17:15,2593.55,2593.55,6,2593.55,6,6,0
RELIANCE.BSE,02/01/2024,09:17:16,2593.2,2593.2,6,2593.2,6,6,0
RELIANCE.BSE,02/01/2024,09:17:17,2593,2593,6,2593,6,6,0
RELIANCE.BSE,02/01/2024,09:17:35,2594.25,2594.25,1,2594.25,1,1,0
RELIANCE.BSE,02/01/2024,09:17:35,2594.25,2594.25,29,2594.25,29,29,0
RELIANCE.BSE,02/01/2024,09:17:36,2594.5,2594.9,202,2594.5,202,202,0
RELIANCE.BSE,02/01/2024,09:17:36,2594.9,2594.9,202,2594.5,202,0,0
RELIANCE.BSE,02/01/2024,09:17:36,2594.9,2594.9,5,2594.9,5,5,0
RELIANCE.BSE,02/01/2024,09:17:38,2594.9,2594.9,71,2594.9,71,71,0
RELIANCE.BSE,02/01/2024,09:17:43,2595,2595,10,2595,10,10,0
RELIANCE.BSE,02/01/2024,09:17:43,2595,2595,10,2595,10,0,0
RELIANCE.BSE,02/01/2024,09:17:43,2595.15,2595.5,10,2595,10,10,0
RELIANCE.BSE,02/01/2024,09:17:43,2595.5,2595.5,10,2595,10,0,0
RELIANCE.BSE,02/01/2024,09:17:45,2595.4,2595.4,6,2595.4,6,6,0
RELIANCE.BSE,02/01/2024,09:17:45,2594.8,2594.85,12,2594.8,12,12,0
RELIANCE.BSE,02/01/2024,09:17:46,2594.8,2594.8,20,2594.8,20,20,0
RELIANCE.BSE,02/01/2024,09:17:46,2594.8,2594.8,7,2594.8,7,7,0
RELIANCE.BSE,02/01/2024,09:17:47,2594.45,2594.45,10,2594.45,10,10,0
RELIANCE.BSE,02/01/2024,09:17:48,2595.15,2595.15,6,2595.15,6,6,0
RELIANCE.BSE,02/01/2024,09:17:49,2594.2,2594.2,6,2594.2,6,6,0
RELIANCE.BSE,02/01/2024,09:17:57,2591.65,2591.65,6,2591.6,6,6,0
RELIANCE.BSE,02/01/2024,09:17:59,2592.6,2592.6,20,2592.55,20,20,0
RELIANCE.BSE,02/01/2024,09:18:08,2594.6,2594.6,2,2594.6,2,2,0
RELIANCE.BSE,02/01/2024,09:18:09,2594.6,2594.6,2,2594.6,2,2,0
RELIANCE.BSE,02/01/2024,09:18:10,2594.2,2594.2,4,2594.2,4,4,0
RELIANCE.BSE,02/01/2024,09:18:15,2593.55,2594.55,36,2593.55,36,36,0
RELIANCE.BSE,02/01/2024,09:18:17,2593.5,2593.5,1,2593.5,1,1,0
RELIANCE.BSE,02/01/2024,09:18:18,2593.95,2593.95,10,2593.5,10,10,0
RELIANCE.BSE,02/01/2024,09:18:20,2594.2,2594.2,500,2594.2,500,500,0
RELIANCE.BSE,02/01/2024,09:18:22,2593.2,2593.2,1,2593.2,1,1,0
RELIANCE.BSE,02/01/2024,09:18:23,2593.35,2593.35,5,2593.35,5,5,0
RELIANCE.BSE,02/01/2024,09:18:32,2594,2594.4,90,2594,90,90,0
RELIANCE.BSE,02/01/2024,09:18:36,2593.4,2593.4,5,2593.4,5,5,0
RELIANCE.BSE,02/01/2024,09:18:36,2592.95,2593.35,100,2592.2,100,100,0
RELIANCE.BSE,02/01/2024,09:18:38,2594.05,2594.05,33,2593.2,33,33,0
RELIANCE.BSE,02/01/2024,09:18:40,2593.6,2593.6,11,2592.9,11,11,0
RELIANCE.BSE,02/01/2024,09:18:40,2594.1,2594.1,1,2594.1,1,1,0
RELIANCE.BSE,02/01/2024,09:18:42,2594.75,2594.75,1,2594.75,1,1,0
RELIANCE.BSE,02/01/2024,09:18:44,2594.8,2594.8,2,2594.8,2,2,0
RELIANCE.BSE,02/01/2024,09:18:45,2594.65,2594.7,11,2594.25,11,11,0
RELIANCE.BSE,02/01/2024,09:18:45,2594.7,2594.7,1,2594.7,1,1,0
RELIANCE.BSE,02/01/2024,09:18:51,2595.35,2595.45,90,2595.15,90,90,0
RELIANCE.BSE,02/01/2024,09:18:53,2595.05,2595.05,6,2595.05,6,6,0
RELIANCE.BSE,02/01/2024,09:18:54,2595.05,2595.05,1,2595.05,1,1,0
RELIANCE.BSE,02/01/2024,09:18:58,2594.15,2594.15,20,2593.7,20,20,0
RELIANCE.BSE,02/01/2024,09:18:59,2594,2594,202,2594,202,202,0
RELIANCE.BSE,02/01/2024,09:19:00,2593.35,2594.45,20,2593.3,20,20,0
RELIANCE.BSE,02/01/2024,09:19:07,2594.2,2594.2,6,2594.2,6,6,0
RELIANCE.BSE,02/01/2024,09:19:11,2593.55,2593.55,1,2593.55,1,1,0
RELIANCE.BSE,02/01/2024,09:19:12,2593.55,2593.55,25,2593.55,25,25,0
RELIANCE.BSE,02/01/2024,09:19:11,2593.5,2593.5,18,2593.5,18,18,0
RELIANCE.BSE,02/01/2024,09:19:15,2593.5,2593.5,20,2593.5,20,20,0
RELIANCE.BSE,02/01/2024,09:19:16,2593.5,2593.5,55,2593.5,55,55,0
RELIANCE.BSE,02/01/2024,09:19:18,2593.8,2593.8,6,2593.8,6,6,0
RELIANCE.BSE,02/01/2024,09:19:20,2593.3,2593.3,2,2593.3,2,2,0
RELIANCE.BSE,02/01/2024,09:19:23,2593.25,2593.25,6,2593.25,6,6,0
RELIANCE.BSE,02/01/2024,09:19:26,2593.1,2593.1,1,2593.1,1,1,0
RELIANCE.BSE,02/01/2024,09:19:27,2592.95,2592.95,5,2592.95,5,5,0
RELIANCE.BSE,02/01/2024,09:19:36,2593.75,2593.75,10,2593.75,10,10,0
RELIANCE.BSE,02/01/2024,09:19:44,2592.4,2592.85,7,2592.4,7,7,0
RELIANCE.BSE,02/01/2024,09:19:45,2592.55,2592.55,1,2592.55,1,1,0
RELIANCE.BSE,02/01/2024,09:19:46,2592,2592,5,2592,5,5,0
RELIANCE.BSE,02/01/2024,09:19:46,2592,2592,1,2592,1,1,0
RELIANCE.BSE,02/01/2024,09:19:53,2592,2592,14,2592,14,14,0
RELIANCE.BSE,02/01/2024,09:19:55,2591.5,2591.95,12,2591.5,12,12,0
RELIANCE.BSE,02/01/2024,09:19:56,2592.2,2592.65,30,2592.2,30,30,0
RELIANCE.BSE,02/01/2024,09:20:05,2592.65,2592.65,6,2592.65,6,6,0
RELIANCE.BSE,02/01/2024,09:20:07,2592.4,2592.4,4,2592.4,4,4,0
RELIANCE.BSE,02/01/2024,09:20:10,2592.9,2592.9,25,2592.9,25,25,0
RELIANCE.BSE,02/01/2024,09:20:14,2594.15,2594.15,2,2594.15,2,2,0
RELIANCE.BSE,02/01/2024,09:20:37,2594.95,2594.95,4,2594.95,4,4,0
RELIANCE.BSE,02/01/2024,09:20:42,2595.1,2595.1,74,2594.95,74,74,0
RELIANCE.BSE,02/01/2024,09:20:47,2595.5,2595.5,2,2595.5,2,2,0
RELIANCE.BSE,02/01/2024,09:20:47,2595.5,2595.5,4,2595.5,4,4,0
RELIANCE.BSE,02/01/2024,09:20:47,2595.5,2595.5,21,2595.5,21,21,0
RELIANCE.BSE,02/01/2024,09:20:49,2595.95,2596,7,2595.95,7,7,0
RELIANCE.BSE,02/01/2024,09:20:49,2596,2596,7,2595.95,7,0,0
RELIANCE.BSE,02/01/2024,09:20:50,2596,2596,1,2596,1,1,0
RELIANCE.BSE,02/01/2024,09:20:53,2596.05,2596.05,5,2596.05,5,5,0
RELIANCE.BSE,02/01/2024,09:20:53,2596.05,2596.05,5,2596.05,5,0,0
RELIANCE.BSE,02/01/2024,09:20:54,2595.8,2595.8,5,2595.8,5,5,0
RELIANCE.BSE,02/01/2024,09:20:59,2595.85,2595.85,6,2595.85,6,6,0
RELIANCE.BSE,02/01/2024,09:20:59,2596.05,2596.05,6,2596.05,6,6,0
RELIANCE.BSE,02/01/2024,09:20:59,2596.1,2596.1,13,2596.1,13,13,0
RELIANCE.BSE,02/01/2024,09:20:59,2596.1,2596.1,13,2596.1,13,0,0
RELIANCE.BSE,02/01/2024,09:21:13,2597,2597,1,2597,1,1,0
RELIANCE.BSE,02/01/2024,09:21:13,2597,2597,1,2597,1,0,0
RELIANCE.BSE,02/01/2024,09:21:15,2598,2598.15,10,2598,10,10,0
RELIANCE.BSE,02/01/2024,09:21:15,2598.15,2598.15,10,2598,10,0,0
RELIANCE.BSE,02/01/2024,09:21:23,2597.25,2597.25,1,2597.25,1,1,0
RELIANCE.BSE,02/01/2024,09:21:25,2598.35,2598.35,10,2598.35,10,10,0
RELIANCE.BSE,02/01/2024,09:21:25,2598.35,2598.35,10,2598.35,10,0,0
RELIANCE.BSE,02/01/2024,09:21:28,2598.4,2598.4,1,2598.4,1,1,0
RELIANCE.BSE,02/01/2024,09:21:28,2598.4,2598.4,1,2598.4,1,0,0
RELIANCE.BSE,02/01/2024,09:21:30,2598.1,2598.1,1,2598.1,1,1,0
RELIANCE.BSE,02/01/2024,09:21:31,2598.15,2598.15,5,2598.15,5,5,0
RELIANCE.BSE,02/01/2024,09:21:32,2598.05,2598.05,5,2598.05,5,5,0
RELIANCE.BSE,02/01/2024,09:21:33,2598.3,2598.4,6,2598.3,6,6,0
RELIANCE.BSE,02/01/2024,09:21:35,2598.35,2598.5,57,2598.35,57,57,0
RELIANCE.BSE,02/01/2024,09:21:35,2598.5,2598.5,57,2598.35,57,0,0
RELIANCE.BSE,02/01/2024,09:21:36,2598.15,2598.15,6,2598.15,6,6,0
RELIANCE.BSE,02/01/2024,09:21:42,2597.4,2597.4,6,2597.4,6,6,0
RELIANCE.BSE,02/01/2024,09:21:48,2597.95,2597.95,12,2597.6,12,12,0
RELIANCE.BSE,02/01/2024,09:21:56,2597.5,2597.5,6,2597.5,6,6,0
RELIANCE.BSE,02/01/2024,09:22:05,2598,2598,6,2598,6,6,0
RELIANCE.BSE,02/01/2024,09:22:09,2597.6,2597.6,6,2597.6,6,6,0
RELIANCE.BSE,02/01/2024,09:22:18,2597.35,2597.35,6,2597.35,6,6,0
RELIANCE.BSE,02/01/2024,09:22:21,2597,2597,6,2597,6,6,0
RELIANCE.BSE,02/01/2024,09:22:25,2596.4,2596.4,15,2596.4,15,15,0
RELIANCE.BSE,02/01/2024,09:22:44,2596.1,2596.1,25,2596.05,25,25,0
RELIANCE.BSE,02/01/2024,09:22:53,2596.05,2596.05,1,2596.05,1,1,0
RELIANCE.BSE,02/01/2024,09:22:56,2597.35,2597.35,8,2597.35,8,8,0
RELIANCE.BSE,02/01/2024,09:23:01,2596.25,2596.25,1,2596.25,1,1,0
RELIANCE.BSE,02/01/2024,09:23:02,2596.15,2596.15,8,2596.15,8,8,0
RELIANCE.BSE,02/01/2024,09:23:02,2596.1,2596.1,50,2596.1,50,50,0
RELIANCE.BSE,02/01/2024,09:23:04,2595.7,2595.7,6,2595.7,6,6,0
RELIANCE.BSE,02/01/2024,09:23:06,2596.4,2596.4,3,2596.4,3,3,0
RELIANCE.BSE,02/01/2024,09:23:09,2595.6,2595.6,3,2595.6,3,3,0
RELIANCE.BSE,02/01/2024,09:23:09,2596.6,2596.6,1,2596.6,1,1,0
RELIANCE.BSE,02/01/2024,09:23:15,2596.3,2596.3,1,2596.3,1,1,0
RELIANCE.BSE,02/01/2024,09:23:28,2595.1,2595.3,200,2595.05,200,200,0
RELIANCE.BSE,02/01/2024,09:23:31,2595.7,2595.7,1,2595.7,1,1,0
RELIANCE.BSE,02/01/2024,09:23:32,2595.65,2595.65,5,2595.65,5,5,0
RELIANCE.BSE,02/01/2024,09:23:33,2595.7,2595.7,13,2595.7,13,13,0
RELIANCE.BSE,02/01/2024,09:23:33,2596.05,2596.05,6,2596.05,6,6,0
RELIANCE.BSE,02/01/2024,09:23:33,2596.05,2596.05,19,2596.05,19,19,0
RELIANCE.BSE,02/01/2024,09:23:36,2595.9,2595.9,6,2595.9,6,6,0
RELIANCE.BSE,02/01/2024,09:23:38,2596.3,2596.3,5,2596.3,5,5,0
RELIANCE.BSE,02/01/2024,09:23:39,2595.75,2595.75,19,2595.75,19,19,0
RELIANCE.BSE,02/01/2024,09:23:42,2595.7,2595.7,6,2595.7,6,6,0
RELIANCE.BSE,02/01/2024,09:23:53,2595.7,2595.7,25,2595.7,25,25,0
RELIANCE.BSE,02/01/2024,09:23:58,2595.7,2595.7,1,2595.7,1,1,0
RELIANCE.BSE,02/01/2024,09:23:58,2595.5,2595.5,6,2595.5,6,6,0
RELIANCE.BSE,02/01/2024,09:24:03,2595.45,2595.45,1,2595.45,1,1,0
RELIANCE.BSE,02/01/2024,09:24:06,2595,2595,5,2595,5,5,0
RELIANCE.BSE,02/01/2024,09:24:10,2596,2596,6,2596,6,6,0
RELIANCE.BSE,02/01/2024,09:24:10,2596.3,2596.3,6,2596.3,6,6,0
RELIANCE.BSE,02/01/2024,09:24:22,2596.55,2596.55,1,2596.55,1,1,0
RELIANCE.BSE,02/01/2024,09:24:28,2595.25,2595.25,5,2595.25,5,5,0
RELIANCE.BSE,02/01/2024,09:24:31,2595.25,2595.25,2,2595.25,2,2,0
RELIANCE.BSE,02/01/2024,09:24:32,2595.25,2595.25,10,2595.25,10,10,0
RELIANCE.BSE,02/01/2024,09:24:51,2595.25,2595.25,1,2595.25,1,1,0
RELIANCE.BSE,02/01/2024,09:24:54,2596.9,2596.9,5,2596.9,5,5,0
RELIANCE.BSE,02/01/2024,09:25:04,2596.2,2596.2,1,2596.2,1,1,0
RELIANCE.BSE,02/01/2024,09:25:08,2595.55,2595.55,3,2595.55,3,3,0
RELIANCE.BSE,02/01/2024,09:25:11,2595.7,2595.7,42,2595.7,42,42,0
RELIANCE.BSE,02/01/2024,09:25:15,2595.25,2595.25,3,2595.25,3,3,0
RELIANCE.BSE,02/01/2024,09:25:16,2595.25,2595.25,25,2595.25,25,25,0
RELIANCE.BSE,02/01/2024,09:25:20,2596.6,2596.6,10,2596.6,10,10,0
RELIANCE.BSE,02/01/2024,09:25:24,2595.7,2595.75,5,2595.7,5,5,0
RELIANCE.BSE,02/01/2024,09:25:29,2596.55,2596.55,15,2596.55,15,15,0
RELIANCE.BSE,02/01/2024,09:25:35,2596.95,2597,20,2596.95,20,20,0
RELIANCE.BSE,02/01/2024,09:25:43,2597.4,2597.4,6,2597,6,6,0
RELIANCE.BSE,02/01/2024,09:25:45,2597,2597,4,2597,4,4,0
RELIANCE.BSE,02/01/2024,09:25:45,2596,2596,3,2596,3,3,0
RELIANCE.BSE,02/01/2024,09:25:52,2596.55,2596.55,3,2596.55,3,3,0
RELIANCE.BSE,02/01/2024,09:25:59,2597,2597,40,2597,40,40,0
RELIANCE.BSE,02/01/2024,09:26:00,2597.05,2597.05,6,2597.05,6,6,0
RELIANCE.BSE,02/01/2024,09:26:00,2597,2597.05,15,2597,15,15,0
RELIANCE.BSE,02/01/2024,09:26:00,2597.4,2597.4,13,2597.4,13,13,0
RELIANCE.BSE,02/01/2024,09:26:00,2597.65,2597.65,6,2597.65,6,6,0
RELIANCE.BSE,02/01/2024,09:26:00,2597.75,2597.75,18,2597.75,18,18,0
RELIANCE.BSE,02/01/2024,09:26:01,2598,2598,108,2598,108,108,0
RELIANCE.BSE,02/01/2024,09:26:05,2598.35,2598.35,1,2598.35,1,1,0
RELIANCE.BSE,02/01/2024,09:26:06,2597.7,2597.7,6,2597.7,6,6,0
RELIANCE.BSE,02/01/2024,09:26:08,2598.35,2598.35,4,2598.35,4,4,0
RELIANCE.BSE,02/01/2024,09:26:09,2598.4,2598.5,8,2598.4,8,8,0
RELIANCE.BSE,02/01/2024,09:26:09,2598.5,2598.5,94,2598.5,94,94,0
RELIANCE.BSE,02/01/2024,09:26:09,2598.55,2598.55,8,2598.55,8,8,0
RELIANCE.BSE,02/01/2024,09:26:09,2598.55,2598.55,8,2598.55,8,0,0
RELIANCE.BSE,02/01/2024,09:26:10,2599.05,2599.05,109,2599,109,109,0
RELIANCE.BSE,02/01/2024,09:26:10,2599.05,2599.05,109,2599,109,0,0
RELIANCE.BSE,02/01/2024,09:26:10,2598.9,2599,6,2598.9,6,6,0
RELIANCE.BSE,02/01/2024,09:26:26,2597.9,2597.9,1,2597.9,1,1,0
RELIANCE.BSE,02/01/2024,09:26:27,2598.6,2598.75,25,2598.3,25,25,0
RELIANCE.BSE,02/01/2024,09:26:28,2599.05,2599.05,15,2599.05,15,15,0
RELIANCE.BSE,02/01/2024,09:26:30,2597.65,2598,12,2597.65,12,12,0
RELIANCE.BSE,02/01/2024,09:26:36,2597.4,2597.4,1,2597.4,1,1,0
RELIANCE.BSE,02/01/2024,09:26:37,2597.45,2597.45,5,2597.45,5,5,0
RELIANCE.BSE,02/01/2024,09:26:38,2598.45,2598.7,20,2598.45,20,20,0
RELIANCE.BSE,02/01/2024,09:26:44,2599.85,2599.9,200,2599.65,200,200,0
RELIANCE.BSE,02/01/2024,09:26:44,2599.9,2599.9,200,2599.65,200,0,0
RELIANCE.BSE,02/01/2024,09:26:45,2598.45,2598.7,20,2597.7,20,20,0
RELIANCE.BSE,02/01/2024,09:26:52,2598,2598,6,2598,6,6,0
RELIANCE.BSE,02/01/2024,09:27:12,2598.7,2598.9,10,2598.65,10,10,0
RELIANCE.BSE,02/01/2024,09:27:14,2597.95,2597.95,6,2597.9,6,6,0
RELIANCE.BSE,02/01/2024,09:27:18,2597.15,2597.35,42,2596.95,42,42,0
RELIANCE.BSE,02/01/2024,09:27:20,2596.9,2596.9,1,2596.9,1,1,0
RELIANCE.BSE,02/01/2024,09:27:20,2596.9,2596.9,3,2596.9,3,3,0
RELIANCE.BSE,02/01/2024,09:27:20,2596.9,2596.9,2,2596.9,2,2,0
RELIANCE.BSE,02/01/2024,09:27:21,2597,2597,2,2597,2,2,0
RELIANCE.BSE,02/01/2024,09:27:22,2597,2597,8,2597,8,8,0
RELIANCE.BSE,02/01/2024,09:27:22,2597.3,2597.3,11,2597.1,11,11,0
RELIANCE.BSE,02/01/2024,09:27:22,2598.1,2598.1,3,2598.1,3,3,0
RELIANCE.BSE,02/01/2024,09:27:27,2597.8,2597.8,6,2597.8,6,6,0
RELIANCE.BSE,02/01/2024,09:27:28,2597.2,2597.2,6,2597.2,6,6,0
RELIANCE.BSE,02/01/2024,09:27:31,2596.9,2596.9,5,2596.9,5,5,0
RELIANCE.BSE,02/01/2024,09:27:31,2597.3,2597.6,25,2597.3,25,25,0
RELIANCE.BSE,02/01/2024,09:27:34,2596.35,2596.7,8,2596.35,8,8,0
RELIANCE.BSE,02/01/2024,09:27:35,2595.6,2595.7,20,2595.6,20,20,0
RELIANCE.BSE,02/01/2024,09:27:36,2594.75,2595,86,2594.75,86,86,0
RELIANCE.BSE,02/01/2024,09:27:40,2595.1,2595.1,6,2595.1,6,6,0
RELIANCE.BSE,02/01/2024,09:27:45,2595,2595,32,2595,32,32,0
RELIANCE.BSE,02/01/2024,09:28:02,2596.5,2596.5,125,2596.5,125,125,0
RELIANCE.BSE,02/01/2024,09:28:10,2597.15,2597.15,6,2597.15,6,6,0
RELIANCE.BSE,02/01/2024,09:28:12,2596.1,2596.25,25,2595.65,25,25,0
RELIANCE.BSE,02/01/2024,09:28:14,2596.5,2596.5,1,2596.5,1,1,0
RELIANCE.BSE,02/01/2024,09:28:14,2595.7,2595.7,6,2595.7,6,6,0
RELIANCE.BSE,02/01/2024,09:28:22,2595.75,2595.75,10,2595.75,10,10,0
RELIANCE.BSE,02/01/2024,09:28:24,2596.8,2596.8,2,2596.8,2,2,0
RELIANCE.BSE,02/01/2024,09:28:25,2596.8,2596.8,16,2596.8,16,16,0
RELIANCE.BSE,02/01/2024,09:28:26,2596.85,2596.85,1,2596.85,1,1,0
RELIANCE.BSE,02/01/2024,09:28:49,2597.3,2597.3,2,2597.3,2,2,0
RELIANCE.BSE,02/01/2024,09:28:56,2597.3,2597.3,10,2597.3,10,10,0
RELIANCE.BSE,02/01/2024,09:28:59,2596.1,2596.15,39,2596.1,39,39,0
RELIANCE.BSE,02/01/2024,09:29:06,2595.6,2596,12,2595.6,12,12,0
RELIANCE.BSE,02/01/2024,09:29:12,2598,2598,2,2598,2,2,0
RELIANCE.BSE,02/01/2024,09:29:14,2599,2599,6,2599,6,6,0
RELIANCE.BSE,02/01/2024,09:29:25,2598.85,2598.85,1,2598.85,1,1,0
RELIANCE.BSE,02/01/2024,09:29:32,2597.35,2597.35,7,2597,7,7,0
RELIANCE.BSE,02/01/2024,09:29:39,2596.15,2596.15,5,2596.15,5,5,0
RELIANCE.BSE,02/01/2024,09:29:39,2596.15,2596.15,1,2596.15,1,1,0
RELIANCE.BSE,02/01/2024,09:30:05,2597.95,2597.95,1,2597.95,1,1,0
RELIANCE.BSE,02/01/2024,09:30:06,2597.95,2597.95,1,2597.95,1,1,0
RELIANCE.BSE,02/01/2024,09:30:06,2597.95,2597.95,1,2597.95,1,1,0
RELIANCE.BSE,02/01/2024,09:30:06,2597.85,2597.85,2,2597.85,2,2,0
RELIANCE.BSE,02/01/2024,09:30:08,2597.8,2597.8,1,2597.8,1,1,0
RELIANCE.BSE,02/01/2024,09:30:13,2597.8,2597.8,1,2597.8,1,1,0
RELIANCE.BSE,02/01/2024,09:30:14,2597.8,2597.8,1,2597.8,1,1,0
RELIANCE.BSE,02/01/2024,09:30:18,2597.75,2597.75,2,2597.75,2,2,0
RELIANCE.BSE,02/01/2024,09:30:19,2598.35,2598.35,1,2598.35,1,1,0
RELIANCE.BSE,02/01/2024,09:30:19,2597.85,2597.85,7,2597.35,7,7,0
RELIANCE.BSE,02/01/2024,09:30:27,2596.8,2596.8,5,2596.8,5,5,0
RELIANCE.BSE,02/01/2024,09:30:27,2596.8,2596.8,1,2596.8,1,1,0
RELIANCE.BSE,02/01/2024,09:31:19,2597.75,2597.75,1,2597.75,1,1,0
RELIANCE.BSE,02/01/2024,09:31:23,2596.8,2596.8,12,2596.8,12,12,0
RELIANCE.BSE,02/01/2024,09:31:26,2596.8,2596.8,20,2596.8,20,20,0
RELIANCE.BSE,02/01/2024,09:31:35,2596.8,2596.8,69,2596.8,69,69,0
RELIANCE.BSE,02/01/2024,09:31:36,2596.7,2596.75,266,2595.5,266,266,0
RELIANCE.BSE,02/01/2024,09:31:40,2596.4,2596.4,13,2596,13,13,0
RELIANCE.BSE,02/01/2024,09:31:40,2595.6,2595.6,6,2595.6,6,6,0
RELIANCE.BSE,02/01/2024,09:31:56,2596,2596,4,2596,4,4,0
RELIANCE.BSE,02/01/2024,09:31:57,2595,2595,4,2595,4,4,0
RELIANCE.BSE,02/01/2024,09:31:58,2595,2595,20,2595,20,20,0
RELIANCE.BSE,02/01/2024,09:32:06,2594.2,2594.2,6,2594.2,6,6,0
RELIANCE.BSE,02/01/2024,09:32:12,2592.95,2592.95,6,2592.95,6,6,0
RELIANCE.BSE,02/01/2024,09:32:18,2594.7,2594.7,5,2594.7,5,5,0
RELIANCE.BSE,02/01/2024,09:32:27,2595.6,2595.6,5,2595.6,5,5,0
RELIANCE.BSE,02/01/2024,09:32:27,2595.6,2595.6,30,2595.6,30,30,0
RELIANCE.BSE,02/01/2024,09:33:00,2596,2596,18,2595.6,18,18,0
RELIANCE.BSE,02/01/2024,09:33:08,2596.1,2596.1,1,2596.1,1,1,0
RELIANCE.BSE,02/01/2024,09:33:08,2596.1,2596.1,2,2596.1,2,2,0
RELIANCE.BSE,02/01/2024,09:33:08,2596.1,2596.1,3,2596.1,3,3,0
RELIANCE.BSE,02/01/2024,09:33:08,2596.1,2596.1,4,2596.1,4,4,0
RELIANCE.BSE,02/01/2024,09:33:09,2596.75,2596.75,16,2596.75,16,16,0
RELIANCE.BSE,02/01/2024,09:33:21,2596.9,2596.9,15,2596.75,15,15,0
RELIANCE.BSE,02/01/2024,09:33:22,2595.6,2595.6,1,2595.6,1,1,0
RELIANCE.BSE,02/01/2024,09:33:31,2595.6,2595.6,3,2595.6,3,3,0
RELIANCE.BSE,02/01/2024,09:33:40,2597.1,2597.1,4,2597.05,4,4,0
RELIANCE.BSE,02/01/2024,09:33:44,2597.4,2597.75,25,2597.2,25,25,0
RELIANCE.BSE,02/01/2024,09:33:49,2597.15,2597.15,6,2597.15,6,6,0
RELIANCE.BSE,02/01/2024,09:34:05,2597.2,2597.2,1,2597.2,1,1,0
RELIANCE.BSE,02/01/2024,09:34:14,2597,2597,1,2597,1,1,0
RELIANCE.BSE,02/01/2024,09:34:27,2595.45,2595.45,3,2595.45,3,3,0
RELIANCE.BSE,02/01/2024,09:34:37,2596.9,2596.9,10,2596.9,10,10,0
RELIANCE.BSE,02/01/2024,09:34:49,2595.65,2595.65,50,2595.65,50,50,0
RELIANCE.BSE,02/01/2024,09:34:56,2597.05,2597.05,4,2597.05,4,4,0
RELIANCE.BSE,02/01/2024,09:35:01,2595.65,2595.65,4,2595.65,4,4,0
RELIANCE.BSE,02/01/2024,09:35:04,2597.15,2597.15,1,2597.15,1,1,0
RELIANCE.BSE,02/01/2024,09:35:07,2596.85,2596.85,1,2596.85,1,1,0
RELIANCE.BSE,02/01/2024,09:35:20,2597.8,2597.8,6,2597.8,6,6,0
RELIANCE.BSE,02/01/2024,09:35:21,2597.9,2597.9,1,2597.9,1,1,0
RELIANCE.BSE,02/01/2024,09:35:28,2598.3,2598.3,6,2598.1,6,6,0
RELIANCE.BSE,02/01/2024,09:35:58,2597.25,2597.25,4,2597.25,4,4,0
RELIANCE.BSE,02/01/2024,09:36:12,2597.35,2597.35,1,2597.35,1,1,0
RELIANCE.BSE,02/01/2024,09:36:18,2597.45,2597.45,1,2597.45,1,1,0
RELIANCE.BSE,02/01/2024,09:36:20,2597.7,2597.7,10,2597.7,10,10,0
RELIANCE.BSE,02/01/2024,09:36:48,2597.05,2597.05,1,2597.05,1,1,0
RELIANCE.BSE,02/01/2024,09:37:06,2597.1,2597.1,20,2597.1,20,20,0
RELIANCE.BSE,02/01/2024,09:37:06,2598.3,2598.3,4,2598.3,4,4,0
RELIANCE.BSE,02/01/2024,09:37:07,2597.65,2597.65,4,2597.65,4,4,0
RELIANCE.BSE,02/01/2024,09:37:16,2599.4,2599.5,20,2599.4,20,20,0
RELIANCE.BSE,02/01/2024,09:37:51,2597.8,2597.85,120,2597.8,120,120,0
RELIANCE.BSE,02/01/2024,09:37:52,2599.5,2599.5,1,2599.5,1,1,0
RELIANCE.BSE,02/01/2024,09:37:54,2599.9,2599.9,56,2599.85,56,56,0
RELIANCE.BSE,02/01/2024,09:37:56,2600.05,2600.05,531,2599.95,531,531,0
RELIANCE.BSE,02/01/2024,09:37:56,2600.05,2600.05,531,2599.95,531,0,0
RELIANCE.BSE,02/01/2024,09:37:56,2600,2600,7,2600,7,7,0
RELIANCE.BSE,02/01/2024,09:37:57,2600.8,2600.8,2,2600.8,2,2,0
RELIANCE.BSE,02/01/2024,09:37:57,2600.8,2600.8,2,2600.8,2,0,0
RELIANCE.BSE,02/01/2024,09:37:58,2600.95,2600.95,4,2600.95,4,4,0
RELIANCE.BSE,02/01/2024,09:37:58,2600.95,2600.95,4,2600.95,4,0,0
RELIANCE.BSE,02/01/2024,09:37:58,2601,2601,1,2601,1,1,0
RELIANCE.BSE,02/01/2024,09:37:58,2601,2601,1,2601,1,0,0
RELIANCE.BSE,02/01/2024,09:37:58,2601.25,2601.25,6,2601.25,6,6,0
RELIANCE.BSE,02/01/2024,09:37:58,2601.25,2601.25,6,2601.25,6,0,0
RELIANCE.BSE,02/01/2024,09:37:59,2602,2602,5,2602,5,5,0
RELIANCE.BSE,02/01/2024,09:37:59,2602,2602,5,2602,5,0,0
RELIANCE.BSE,02/01/2024,09:38:01,2602,2602,1,2602,1,1,0
RELIANCE.BSE,02/01/2024,09:38:02,2602.3,2602.3,20,2602.3,20,20,0
RELIANCE.BSE,02/01/2024,09:38:02,2602.3,2602.3,20,2602.3,20,0,0
RELIANCE.BSE,02/01/2024,09:38:03,2602.3,2602.3,5,2602.3,5,5,0
RELIANCE.BSE,02/01/2024,09:38:03,2601.5,2601.5,3,2601.45,3,3,0
RELIANCE.BSE,02/01/2024,09:38:04,2601.8,2601.8,2,2601.8,2,2,0
RELIANCE.BSE,02/01/2024,09:38:07,2602.9,2602.9,4,2602.9,4,4,0
RELIANCE.BSE,02/01/2024,09:38:07,2602.9,2602.9,4,2602.9,4,0,0
RELIANCE.BSE,02/01/2024,09:38:08,2603,2603,6,2603,6,6,0
RELIANCE.BSE,02/01/2024,09:38:08,2603,2603,6,2603,6,0,0
RELIANCE.BSE,02/01/2024,09:38:10,2601.9,2601.9,16,2601.9,16,16,0
RELIANCE.BSE,02/01/2024,09:38:15,2604.15,2604.15,67,2604,67,67,0
RELIANCE.BSE,02/01/2024,09:38:15,2604.15,2604.15,67,2604,67,0,0
RELIANCE.BSE,02/01/2024,09:38:16,2604.7,2604.7,10,2604.65,10,10,0
RELIANCE.BSE,02/01/2024,09:38:16,2604.7,2604.7,10,2604.65,10,0,0
RELIANCE.BSE,02/01/2024,09:38:18,2603.7,2603.7,1,2603.7,1,1,0
RELIANCE.BSE,02/01/2024,09:38:20,2604.55,2604.55,1,2604.55,1,1,0
RELIANCE.BSE,02/01/2024,09:38:21,2605,2605,171,2604.75,171,171,0
RELIANCE.BSE,02/01/2024,09:38:21,2605,2605,171,2604.75,171,0,0
RELIANCE.BSE,02/01/2024,09:38:32,2605.5,2605.5,21,2605.5,21,21,0
RELIANCE.BSE,02/01/2024,09:38:32,2605.5,2605.5,21,2605.5,21,0,0
RELIANCE.BSE,02/01/2024,09:38:32,2606,2606,256,2605.5,256,256,0
RELIANCE.BSE,02/01/2024,09:38:32,2606,2606,256,2605.5,256,0,0
RELIANCE.BSE,02/01/2024,09:38:32,2605.85,2605.85,1,2605.85,1,1,0
RELIANCE.BSE,02/01/2024,09:38:33,2605.45,2605.45,10,2605.4,10,10,0
RELIANCE.BSE,02/01/2024,09:38:33,2605.6,2605.6,5,2605.6,5,5,0
RELIANCE.BSE,02/01/2024,09:38:35,2605.35,2605.35,10,2605.35,10,10,0
RELIANCE.BSE,02/01/2024,09:38:40,2606.9,2607,7,2606.9,7,7,0
RELIANCE.BSE,02/01/2024,09:38:40,2607,2607,7,2606.9,7,0,0
RELIANCE.BSE,02/01/2024,09:38:43,2605.7,2605.7,5,2605.7,5,5,0
RELIANCE.BSE,02/01/2024,09:38:43,2606,2606,5,2606,5,5,0
RELIANCE.BSE,02/01/2024,09:38:45,2606.25,2606.25,1,2606.25,1,1,0
RELIANCE.BSE,02/01/2024,09:38:48,2606.1,2606.1,3,2606.1,3,3,0
RELIANCE.BSE,02/01/2024,09:38:50,2606.35,2606.4,25,2606.35,25,25,0
RELIANCE.BSE,02/01/2024,09:38:51,2606.35,2606.35,4,2606.35,4,4,0
RELIANCE.BSE,02/01/2024,09:38:51,2604.8,2604.8,6,2604.75,6,6,0
RELIANCE.BSE,02/01/2024,09:38:51,2605.95,2605.95,50,2605.95,50,50,0
RELIANCE.BSE,02/01/2024,09:38:53,2605.45,2605.45,7,2605.45,7,7,0
RELIANCE.BSE,02/01/2024,09:39:00,2604.95,2604.95,1,2604.95,1,1,0
RELIANCE.BSE,02/01/2024,09:39:00,2603.35,2603.35,10,2603.35,10,10,0
RELIANCE.BSE,02/01/2024,09:39:04,2603.75,2603.75,103,2603.7,103,103,0
RELIANCE.BSE,02/01/2024,09:39:06,2604.65,2604.65,6,2604.65,6,6,0
RELIANCE.BSE,02/01/2024,09:39:15,2604.7,2604.7,1,2604.7,1,1,0
RELIANCE.BSE,02/01/2024,09:39:15,2605.6,2605.6,12,2605.4,12,12,0
RELIANCE.BSE,02/01/2024,09:39:18,2605.4,2605.4,1,2605.4,1,1,0
RELIANCE.BSE,02/01/2024,09:39:20,2606.45,2606.45,4,2606.45,4,4,0
RELIANCE.BSE,02/01/2024,09:39:20,2606.6,2606.6,1,2606.6,1,1,0
RELIANCE.BSE,02/01/2024,09:39:21,2606,2606,13,2606,13,13,0
RELIANCE.BSE,02/01/2024,09:39:22,2606,2606,20,2606,20,20,0
RELIANCE.BSE,02/01/2024,09:39:23,2606.55,2606.55,9,2606.55,9,9,0
RELIANCE.BSE,02/01/2024,09:39:23,2606,2606,20,2606,20,20,0
RELIANCE.BSE,02/01/2024,09:39:23,2606,2606,3,2606,3,3,0
RELIANCE.BSE,02/01/2024,09:39:26,2605.65,2605.65,1,2605.65,1,1,0
RELIANCE.BSE,02/01/2024,09:39:27,2605.5,2605.5,5,2605.5,5,5,0
RELIANCE.BSE,02/01/2024,09:39:38,2605.75,2605.75,1,2605.75,1,1,0
RELIANCE.BSE,02/01/2024,09:39:41,2605.8,2605.85,15,2605.75,15,15,0
RELIANCE.BSE,02/01/2024,09:39:45,2605.85,2605.85,14,2605.85,14,14,0
RELIANCE.BSE,02/01/2024,09:39:47,2605.5,2605.5,3,2605.5,3,3,0
RELIANCE.BSE,02/01/2024,09:39:49,2606.1,2606.1,20,2606,20,20,0
RELIANCE.BSE,02/01/2024,09:39:52,2606.45,2606.45,6,2606.45,6,6,0
RELIANCE.BSE,02/01/2024,09:39:58,2605.9,2605.9,5,2605.9,5,5,0
RELIANCE.BSE,02/01/2024,09:40:03,2606.35,2606.35,61,2605.85,61,61,0
RELIANCE.BSE,02/01/2024,09:40:03,2606.4,2606.4,5,2606.4,5,5,0
RELIANCE.BSE,02/01/2024,09:40:06,2606.8,2606.8,1,2606.8,1,1,0
RELIANCE.BSE,02/01/2024,09:40:06,2606.9,2606.9,2,2606.9,2,2,0
RELIANCE.BSE,02/01/2024,09:40:06,2606.05,2606.05,84,2605.9,84,84,0
RELIANCE.BSE,02/01/2024,09:40:06,2606.9,2606.9,63,2606.9,63,63,0
RELIANCE.BSE,02/01/2024,09:40:08,2607,2607,8,2607,8,8,0
RELIANCE.BSE,02/01/2024,09:40:20,2606.4,2606.4,6,2606.4,6,6,0
RELIANCE.BSE,02/01/2024,09:40:21,2606.15,2606.15,1,2606.15,1,1,0
RELIANCE.BSE,02/01/2024,09:40:21,2606.15,2606.15,1,2606.15,1,1,0
RELIANCE.BSE,02/01/2024,09:40:21,2606.15,2606.15,2,2606.15,2,2,0
RELIANCE.BSE,02/01/2024,09:40:21,2606.15,2606.15,2,2606.15,2,2,0
RELIANCE.BSE,02/01/2024,09:40:37,2605.2,2605.2,18,2605.2,18,18,0
RELIANCE.BSE,02/01/2024,09:40:53,2605.2,2605.2,7,2605.15,7,7,0
RELIANCE.BSE,02/01/2024,09:41:03,2605.1,2605.2,100,2605,100,100,0
RELIANCE.BSE,02/01/2024,09:41:05,2605.2,2605.2,5,2605.2,5,5,0
RELIANCE.BSE,02/01/2024,09:41:06,2604.8,2604.8,22,2603.95,22,22,0
RELIANCE.BSE,02/01/2024,09:41:13,2604.3,2604.3,4,2604.3,4,4,0
RELIANCE.BSE,02/01/2024,09:41:17,2604.45,2604.45,6,2604.45,6,6,0
RELIANCE.BSE,02/01/2024,09:41:25,2605.05,2605.05,6,2605,6,6,0
RELIANCE.BSE,02/01/2024,09:41:28,2604.45,2604.45,25,2604.45,25,25,0
RELIANCE.BSE,02/01/2024,09:41:33,2604.5,2604.5,6,2604.5,6,6,0
RELIANCE.BSE,02/01/2024,09:41:37,2603.8,2603.8,11,2603.8,11,11,0
RELIANCE.BSE,02/01/2024,09:41:38,2604.15,2604.15,25,2604.15,25,25,0
RELIANCE.BSE,02/01/2024,09:41:40,2605.15,2605.15,5,2605.15,5,5,0
RELIANCE.BSE,02/01/2024,09:41:47,2605,2605,5,2605,5,5,0
RELIANCE.BSE,02/01/2024,09:41:47,2605,2605,10,2605,10,10,0
RELIANCE.BSE,02/01/2024,09:41:48,2605.15,2605.15,9,2605.15,9,9,0
RELIANCE.BSE,02/01/2024,09:41:49,2605.15,2605.15,44,2605.15,44,44,0
RELIANCE.BSE,02/01/2024,09:41:50,2605.15,2605.15,13,2605.15,13,13,0
RELIANCE.BSE,02/01/2024,09:41:54,2605.15,2605.15,13,2605.15,13,13,0
RELIANCE.BSE,02/01/2024,09:41:54,2605.15,2605.15,100,2605.15,100,100,0
RELIANCE.BSE,02/01/2024,09:41:54,2605.2,2605.2,229,2605.2,229,229,0
RELIANCE.BSE,02/01/2024,09:41:56,2605.2,2605.2,231,2605.2,231,231,0
RELIANCE.BSE,02/01/2024,09:41:56,2605.15,2605.15,9,2605.15,9,9,0
RELIANCE.BSE,02/01/2024,09:41:57,2605.6,2605.85,24,2605.6,24,24,0
RELIANCE.BSE,02/01/2024,09:42:02,2605.65,2605.7,7,2605.35,7,7,0
RELIANCE.BSE,02/01/2024,09:42:02,2605.15,2605.15,1,2605.15,1,1,0
RELIANCE.BSE,02/01/2024,09:42:02,2605.15,2605.15,1,2605.15,1,1,0
RELIANCE.BSE,02/01/2024,09:42:16,2604.65,2604.65,1,2604.65,1,1,0
RELIANCE.BSE,02/01/2024,09:42:28,2605.8,2605.8,2,2605.8,2,2,0
RELIANCE.BSE,02/01/2024,09:42:33,2605,2605,6,2605,6,6,0
RELIANCE.BSE,02/01/2024,09:42:34,2605,2605,10,2605,10,10,0
RELIANCE.BSE,02/01/2024,09:42:35,2604.9,2605,24,2604.65,24,24,0
RELIANCE.BSE,02/01/2024,09:42:35,2605,2605,39,2604.6,39,39,0
RELIANCE.BSE,02/01/2024,09:42:38,2604.25,2604.25,6,2604.25,6,6,0
RELIANCE.BSE,02/01/2024,09:42:46,2604.75,2604.75,12,2604.15,12,12,0
RELIANCE.BSE,02/01/2024,09:42:53,2605.85,2605.85,5,2605.85,5,5,0
RELIANCE.BSE,02/01/2024,09:42:53,2605.85,2605.85,1,2605.85,1,1,0
RELIANCE.BSE,02/01/2024,09:42:58,2605.4,2605.4,1,2605.4,1,1,0
RELIANCE.BSE,02/01/2024,09:43:01,2605.85,2605.85,11,2605.35,11,11,0
RELIANCE.BSE,02/01/2024,09:43:05,2606,2606,6,2606,6,6,0
RELIANCE.BSE,02/01/2024,09:43:08,2606,2606,100,2606,100,100,0
RELIANCE.BSE,02/01/2024,09:43:24,2606,2606,76,2606,76,76,0
RELIANCE.BSE,02/01/2024,09:43:33,2606,2606,115,2606,115,115,0
RELIANCE.BSE,02/01/2024,09:43:44,2605.2,2605.2,5,2605.2,5,5,0
RELIANCE.BSE,02/01/2024,09:43:48,2605.9,2605.9,1,2605.9,1,1,0
RELIANCE.BSE,02/01/2024,09:43:49,2605.2,2605.2,20,2605.2,20,20,0
RELIANCE.BSE,02/01/2024,09:43:50,2605.8,2605.8,2,2605.8,2,2,0
RELIANCE.BSE,02/01/2024,09:43:52,2605.8,2605.8,2,2605.8,2,2,0
RELIANCE.BSE,02/01/2024,09:43:58,2605.15,2605.15,5,2605.15,5,5,0
RELIANCE.BSE,02/01/2024,09:44:02,2605.3,2605.3,4,2605.3,4,4,0
RELIANCE.BSE,02/01/2024,09:44:03,2605.75,2605.75,1,2605.75,1,1,0
RELIANCE.BSE,02/01/2024,09:44:05,2605.35,2605.35,8,2604.75,8,8,0
RELIANCE.BSE,02/01/2024,09:44:07,2604.75,2604.75,1,2604.75,1,1,0
RELIANCE.BSE,02/01/2024,09:44:12,2604.4,2604.4,5,2604.4,5,5,0
RELIANCE.BSE,02/01/2024,09:44:13,2604.5,2604.5,6,2604.5,6,6,0
RELIANCE.BSE,02/01/2024,09:44:15,2605,2605,5,2605,5,5,0
RELIANCE.BSE,02/01/2024,09:44:15,2605,2605,5,2605,5,5,0
RELIANCE.BSE,02/01/2024,09:44:16,2605,2605,1,2605,1,1,0
RELIANCE.BSE,02/01/2024,09:44:20,2605.3,2605.3,1,2605.3,1,1,0
RELIANCE.BSE,02/01/2024,09:44:20,2605.3,2605.3,5,2605.3,5,5,0
RELIANCE.BSE,02/01/2024,09:44:22,2605,2605,1,2605,1,1,0
RELIANCE.BSE,02/01/2024,09:44:22,2604.7,2604.7,6,2604.7,6,6,0
RELIANCE.BSE,02/01/2024,09:44:25,2604.55,2604.6,22,2604,22,22,0
RELIANCE.BSE,02/01/2024,09:44:27,2603.9,2603.9,4,2603.9,4,4,0
RELIANCE.BSE,02/01/2024,09:44:27,2605.3,2605.3,6,2605.3,6,6,0
RELIANCE.BSE,02/01/2024,09:44:38,2604.05,2604.05,3,2604.05,3,3,0
RELIANCE.BSE,02/01/2024,09:44:39,2604.15,2604.15,50,2604.1,50,50,0
RELIANCE.BSE,02/01/2024,09:44:43,2604.15,2604.15,5,2604.15,5,5,0
RELIANCE.BSE,02/01/2024,09:44:46,2604.15,2604.15,5,2604.15,5,5,0
RELIANCE.BSE,02/01/2024,09:44:48,2603.95,2604,2,2603.95,2,2,0
RELIANCE.BSE,02/01/2024,09:44:50,2604.65,2604.65,6,2604.65,6,6,0
RELIANCE.BSE,02/01/2024,09:45:00,2604.65,2604.65,3,2604.65,3,3,0
RELIANCE.BSE,02/01/2024,09:45:02,2603.9,2603.9,6,2603.9,6,6,0
RELIANCE.BSE,02/01/2024,09:45:08,2604.45,2604.45,5,2604.45,5,5,0
RELIANCE.BSE,02/01/2024,09:45:17,2603.9,2603.9,1,2603.9,1,1,0
RELIANCE.BSE,02/01/2024,09:45:19,2603.6,2603.6,4,2603.6,4,4,0
RELIANCE.BSE,02/01/2024,09:45:22,2604.65,2604.65,15,2604.25,15,15,0
RELIANCE.BSE,02/01/2024,09:45:26,2604.15,2604.15,6,2604.15,6,6,0
RELIANCE.BSE,02/01/2024,09:45:31,2604.45,2604.45,3,2604.45,3,3,0
RELIANCE.BSE,02/01/2024,09:45:49,2602.9,2602.9,5,2602.9,5,5,0
RELIANCE.BSE,02/01/2024,09:45:50,2604.3,2604.3,4,2604.3,4,4,0
RELIANCE.BSE,02/01/2024,09:45:54,2603.65,2603.65,2,2603.65,2,2,0
RELIANCE.BSE,02/01/2024,09:45:57,2604.15,2604.15,1,2604.15,1,1,0
RELIANCE.BSE,02/01/2024,09:45:57,2604.15,2604.15,1,2604.15,1,1,0
RELIANCE.BSE,02/01/2024,09:46:30,2602.9,2603.15,100,2602.7,100,100,0
RELIANCE.BSE,02/01/2024,09:46:36,2602.8,2602.8,6,2602.8,6,6,0
RELIANCE.BSE,02/01/2024,09:46:46,2603.8,2603.8,2,2603.8,2,2,0
RELIANCE.BSE,02/01/2024,09:46:46,2603.7,2603.7,2,2603.7,2,2,0
RELIANCE.BSE,02/01/2024,09:46:46,2603.15,2603.15,12,2603.15,12,12,0
RELIANCE.BSE,02/01/2024,09:46:47,2603,2603,88,2603,88,88,0
RELIANCE.BSE,02/01/2024,09:46:50,2602.8,2602.8,6,2602.8,6,6,0
RELIANCE.BSE,02/01/2024,09:46:52,2603.25,2603.25,5,2603.25,5,5,0
RELIANCE.BSE,02/01/2024,09:46:56,2603.45,2603.45,5,2603.45,5,5,0
RELIANCE.BSE,02/01/2024,09:46:58,2603.15,2603.15,150,2603.15,150,150,0
RELIANCE.BSE,02/01/2024,09:47:12,2603.5,2603.5,20,2603.5,20,20,0
RELIANCE.BSE,02/01/2024,09:47:19,2603.75,2603.85,10,2603.75,10,10,0
RELIANCE.BSE,02/01/2024,09:47:23,2603.85,2604,21,2603.85,21,21,0
RELIANCE.BSE,02/01/2024,09:47:28,2604,2604,6,2604,6,6,0
RELIANCE.BSE,02/01/2024,09:47:37,2603.25,2603.25,6,2603.25,6,6,0
RELIANCE.BSE,02/01/2024,09:47:38,2603.25,2603.25,119,2603.25,119,119,0
RELIANCE.BSE,02/01/2024,09:47:43,2603.1,2603.1,6,2603.1,6,6,0
RELIANCE.BSE,02/01/2024,09:47:48,2603.7,2603.7,5,2603.7,5,5,0
RELIANCE.BSE,02/01/2024,09:47:50,2604,2604,2,2603.95,2,2,0
RELIANCE.BSE,02/01/2024,09:47:53,2603.45,2603.45,3,2603.45,3,3,0
RELIANCE.BSE,02/01/2024,09:47:54,2603.5,2603.5,3,2603.5,3,3,0
RELIANCE.BSE,02/01/2024,09:47:56,2603.05,2603.05,15,2603.05,15,15,0
RELIANCE.BSE,02/01/2024,09:47:59,2603.5,2603.7,10,2603.5,10,10,0
RELIANCE.BSE,02/01/2024,09:48:03,2603.05,2603.45,150,2603.05,150,150,0
RELIANCE.BSE,02/01/2024,09:48:03,2603.65,2603.65,6,2603.65,6,6,0
RELIANCE.BSE,02/01/2024,09:48:08,2604,2604,4,2604,4,4,0
RELIANCE.BSE,02/01/2024,09:48:35,2604,2604,2,2604,2,2,0
RELIANCE.BSE,02/01/2024,09:48:36,2603,2603.3,100,2603,100,100,0
RELIANCE.BSE,02/01/2024,09:48:40,2603.3,2603.3,6,2603.3,6,6,0
RELIANCE.BSE,02/01/2024,09:48:45,2603.3,2603.3,6,2603.3,6,6,0
RELIANCE.BSE,02/01/2024,09:49:02,2603.15,2603.15,10,2603.15,10,10,0
RELIANCE.BSE,02/01/2024,09:49:09,2603.1,2603.1,20,2603.1,20,20,0
RELIANCE.BSE,02/01/2024,09:49:11,2603.15,2603.15,12,2603.15,12,12,0
RELIANCE.BSE,02/01/2024,09:49:14,2602.8,2602.8,6,2602.8,6,6,0
RELIANCE.BSE,02/01/2024,09:49:14,2603.15,2603.15,22,2602.6,22,22,0
RELIANCE.BSE,02/01/2024,09:49:39,2603.25,2603.25,5,2603.25,5,5,0
RELIANCE.BSE,02/01/2024,09:49:38,2602,2602,20,2602,20,20,0
RELIANCE.BSE,02/01/2024,09:49:56,2602.2,2602.2,1,2602.2,1,1,0
RELIANCE.BSE,02/01/2024,09:49:57,2602.75,2602.75,6,2602.75,6,6,0
RELIANCE.BSE,02/01/2024,09:49:59,2602,2602,6,2602,6,6,0
RELIANCE.BSE,02/01/2024,09:50:06,2601.75,2602.3,10,2601.75,10,10,0
RELIANCE.BSE,02/01/2024,09:50:12,2602.9,2602.9,1,2602.9,1,1,0
RELIANCE.BSE,02/01/2024,09:50:12,2602.8,2602.8,3,2602.8,3,3,0
RELIANCE.BSE,02/01/2024,09:50:13,2602.3,2602.3,6,2602.3,6,6,0
RELIANCE.BSE,02/01/2024,09:50:14,2602.35,2602.35,6,2602.35,6,6,0
RELIANCE.BSE,02/01/2024,09:50:15,2602.85,2603,21,2602.85,21,21,0
RELIANCE.BSE,02/01/2024,09:50:18,2602.75,2602.75,6,2602.75,6,6,0
RELIANCE.BSE,02/01/2024,09:50:20,2602.9,2602.9,1,2602.9,1,1,0
RELIANCE.BSE,02/01/2024,09:50:23,2602.3,2602.3,1,2602.3,1,1,0
RELIANCE.BSE,02/01/2024,09:50:24,2602.2,2602.2,1,2602.2,1,1,0
RELIANCE.BSE,02/01/2024,09:50:24,2602.1,2602.1,5,2602.1,5,5,0
RELIANCE.BSE,02/01/2024,09:50:27,2602,2602,6,2602,6,6,0
RELIANCE.BSE,02/01/2024,09:50:29,2601.5,2601.5,1,2601.5,1,1,0
RELIANCE.BSE,02/01/2024,09:50:33,2602.2,2602.2,7,2601.9,7,7,0
RELIANCE.BSE,02/01/2024,09:50:39,2603.75,2603.75,6,2603.75,6,6,0
RELIANCE.BSE,02/01/2024,09:50:41,2602.65,2602.65,1,2602.65,1,1,0
RELIANCE.BSE,02/01/2024,09:50:44,2602.7,2602.7,2,2602.7,2,2,0
RELIANCE.BSE,02/01/2024,09:50:58,2604,2604,10,2604,10,10,0
RELIANCE.BSE,02/01/2024,09:51:04,2603.4,2603.4,11,2603.4,11,11,0
RELIANCE.BSE,02/01/2024,09:51:07,2602.6,2602.6,2,2602.6,2,2,0
RELIANCE.BSE,02/01/2024,09:51:29,2602,2602,207,2602,207,207,0
RELIANCE.BSE,02/01/2024,09:51:36,2602,2602,5,2602,5,5,0
RELIANCE.BSE,02/01/2024,09:51:37,2602.1,2602.1,6,2602.1,6,6,0
RELIANCE.BSE,02/01/2024,09:51:38,2602.85,2602.85,5,2602.85,5,5,0
RELIANCE.BSE,02/01/2024,09:51:41,2603.9,2604,23,2603.9,23,23,0
RELIANCE.BSE,02/01/2024,09:51:45,2604,2604,5,2604,5,5,0
RELIANCE.BSE,02/01/2024,09:51:47,2603.05,2603.05,3,2603.05,3,3,0
RELIANCE.BSE,02/01/2024,09:51:50,2602.05,2602.65,40,2602.05,40,40,0
RELIANCE.BSE,02/01/2024,09:51:52,2603.45,2603.45,11,2602.95,11,11,0
RELIANCE.BSE,02/01/2024,09:51:58,2603.7,2603.7,6,2603.25,6,6,0
RELIANCE.BSE,02/01/2024,09:52:03,2603.45,2603.45,6,2603,6,6,0
RELIANCE.BSE,02/01/2024,09:52:04,2604,2604,140,2604,140,140,0
RELIANCE.BSE,02/01/2024,09:52:05,2603.25,2603.25,8,2603,8,8,0
RELIANCE.BSE,02/01/2024,09:52:05,2602.65,2602.65,1,2602.65,1,1,0
RELIANCE.BSE,02/01/2024,09:52:05,2603.15,2603.15,1,2603.15,1,1,0
RELIANCE.BSE,02/01/2024,09:52:07,2603,2603,3,2603,3,3,0
RELIANCE.BSE,02/01/2024,09:52:09,2602.75,2603.3,17,2602.75,17,17,0
RELIANCE.BSE,02/01/2024,09:52:09,2602.4,2602.4,1,2602.4,1,1,0
RELIANCE.BSE,02/01/2024,09:52:14,2601.9,2601.9,1,2601.9,1,1,0
RELIANCE.BSE,02/01/2024,09:52:15,2602.8,2602.8,11,2602,11,11,0
RELIANCE.BSE,02/01/2024,09:52:21,2602.8,2602.8,5,2602.8,5,5,0
RELIANCE.BSE,02/01/2024,09:52:22,2602.25,2602.45,14,2602.25,14,14,0
RELIANCE.BSE,02/01/2024,09:52:29,2602.45,2602.45,1,2602.45,1,1,0
RELIANCE.BSE,02/01/2024,09:52:29,2602.45,2602.45,5,2602.45,5,5,0
RELIANCE.BSE,02/01/2024,09:52:31,2603.15,2603.15,5,2603.15,5,5,0
RELIANCE.BSE,02/01/2024,09:52:32,2603.2,2603.2,5,2603.2,5,5,0
RELIANCE.BSE,02/01/2024,09:52:32,2602.65,2602.65,1,2602.65,1,1,0
RELIANCE.BSE,02/01/2024,09:52:33,2602.75,2602.75,1,2602.75,1,1,0
RELIANCE.BSE,02/01/2024,09:52:34,2603,2603,20,2603,20,20,0
RELIANCE.BSE,02/01/2024,09:52:35,2603,2603,5,2603,5,5,0
RELIANCE.BSE,02/01/2024,09:52:43,2603.5,2603.5,50,2603.5,50,50,0
RELIANCE.BSE,02/01/2024,09:52:43,2602,2602,5,2602,5,5,0
RELIANCE.BSE,02/01/2024,09:52:54,2603.45,2603.45,20,2603.35,20,20,0
RELIANCE.BSE,02/01/2024,09:53:02,2602,2602,1,2602,1,1,0
RELIANCE.BSE,02/01/2024,09:53:39,2602.75,2602.75,6,2602.75,6,6,0
RELIANCE.BSE,02/01/2024,09:53:42,2602.75,2602.85,100,2602.75,100,100,0
RELIANCE.BSE,02/01/2024,09:54:21,2602.75,2602.75,6,2602.45,6,6,0
RELIANCE.BSE,02/01/2024,09:54:26,2602.1,2602.55,10,2602.1,10,10,0
RELIANCE.BSE,02/01/2024,09:54:27,2602.75,2602.75,4,2602.75,4,4,0
RELIANCE.BSE,02/01/2024,09:54:27,2602.1,2602.1,2,2602.1,2,2,0
RELIANCE.BSE,02/01/2024,09:54:28,2602,2602,3,2602,3,3,0
RELIANCE.BSE,02/01/2024,09:54:31,2601.45,2601.85,2,2601.45,2,2,0
RELIANCE.BSE,02/01/2024,09:54:32,2601.45,2601.45,5,2601.45,5,5,0
RELIANCE.BSE,02/01/2024,09:54:33,2600.85,2600.85,1,2600.85,1,1,0
RELIANCE.BSE,02/01/2024,09:54:38,2600.6,2600.6,5,2600.6,5,5,0
RELIANCE.BSE,02/01/2024,09:54:49,2600.85,2600.85,15,2600.85,15,15,0
RELIANCE.BSE,02/01/2024,09:54:51,2600.85,2600.85,10,2600.85,10,10,0
RELIANCE.BSE,02/01/2024,09:54:51,2600.55,2600.55,5,2600.55,5,5,0
RELIANCE.BSE,02/01/2024,09:54:59,2600,2600,6,2600,6,6,0
RELIANCE.BSE,02/01/2024,09:54:59,2599.65,2599.65,5,2599.65,5,5,0
RELIANCE.BSE,02/01/2024,09:55:03,2600,2600.35,20,2600,20,20,0
RELIANCE.BSE,02/01/2024,09:55:06,2600.35,2600.35,1,2600.35,1,1,0
RELIANCE.BSE,02/01/2024,09:55:13,2600.75,2600.75,1,2600.75,1,1,0
RELIANCE.BSE,02/01/2024,09:55:37,2600,2600,5,2600,5,5,0
RELIANCE.BSE,02/01/2024,09:55:40,2601,2601,1,2601,1,1,0
RELIANCE.BSE,02/01/2024,09:55:52,2599.8,2599.9,17,2599.7,17,17,0
RELIANCE.BSE,02/01/2024,09:55:55,2599.7,2599.7,50,2599.7,50,50,0
RELIANCE.BSE,02/01/2024,09:55:56,2600.75,2600.75,20,2600.25,20,20,0
RELIANCE.BSE,02/01/2024,09:56:00,2600.75,2600.75,1,2600.75,1,1,0
RELIANCE.BSE,02/01/2024,09:56:10,2599.7,2599.7,301,2599.7,301,301,0
RELIANCE.BSE,02/01/2024,09:56:10,2599.65,2599.65,150,2599.65,150,150,0
RELIANCE.BSE,02/01/2024,09:56:10,2599.6,2599.6,4,2599.6,4,4,0
RELIANCE.BSE,02/01/2024,09:56:14,2599.75,2599.75,28,2599.05,28,28,0
RELIANCE.BSE,02/01/2024,09:56:18,2599.1,2599.1,4,2599.1,4,4,0
RELIANCE.BSE,02/01/2024,09:56:18,2598.7,2598.7,1,2598.7,1,1,0
RELIANCE.BSE,02/01/2024,09:56:22,2599.65,2599.65,5,2599,5,5,0
RELIANCE.BSE,02/01/2024,09:56:27,2600.05,2600.05,4,2600.05,4,4,0
RELIANCE.BSE,02/01/2024,09:56:27,2600,2600,6,2600,6,6,0
RELIANCE.BSE,02/01/2024,09:56:32,2600.15,2600.15,50,2600,50,50,0
RELIANCE.BSE,02/01/2024,09:56:44,2599.95,2599.95,5,2599.95,5,5,0
RELIANCE.BSE,02/01/2024,09:56:50,2598.5,2598.5,5,2598.5,5,5,0
RELIANCE.BSE,02/01/2024,09:56:55,2599.05,2599.25,9,2599.05,9,9,0
RELIANCE.BSE,02/01/2024,09:57:01,2598.65,2598.65,4,2598.65,4,4,0
RELIANCE.BSE,02/01/2024,09:57:01,2598,2598.1,7,2598,7,7,0
RELIANCE.BSE,02/01/2024,09:57:06,2598.75,2598.95,25,2598.75,25,25,0
RELIANCE.BSE,02/01/2024,09:57:07,2599.15,2599.15,1,2599.15,1,1,0
RELIANCE.BSE,02/01/2024,09:57:12,2598.7,2598.7,50,2598.7,50,50,0
RELIANCE.BSE,02/01/2024,09:57:14,2598.1,2598.1,1,2598.1,1,1,0
RELIANCE.BSE,02/01/2024,09:57:24,2598,2598,50,2598,50,50,0
RELIANCE.BSE,02/01/2024,09:57:25,2599.15,2599.15,7,2599.15,7,7,0
RELIANCE.BSE,02/01/2024,09:57:28,2598,2598,10,2598,10,10,0
RELIANCE.BSE,02/01/2024,09:57:39,2598,2598,20,2598,20,20,0
RELIANCE.BSE,02/01/2024,09:57:40,2598,2598,20,2598,20,20,0
RELIANCE.BSE,02/01/2024,09:57:40,2598.9,2598.9,12,2598,12,12,0
RELIANCE.BSE,02/01/2024,09:57:44,2599.1,2599.1,2,2599.1,2,2,0
RELIANCE.BSE,02/01/2024,09:57:45,2598.6,2599.1,33,2598.05,33,33,0
RELIANCE.BSE,02/01/2024,09:57:52,2599.1,2599.1,33,2599.1,33,33,0
RELIANCE.BSE,02/01/2024,09:57:52,2598.8,2598.8,5,2598.8,5,5,0
RELIANCE.BSE,02/01/2024,09:57:52,2598.6,2598.6,1,2598.6,1,1,0
RELIANCE.BSE,02/01/2024,09:57:58,2598.75,2598.8,60,2598.75,60,60,0
RELIANCE.BSE,02/01/2024,09:58:06,2598.6,2598.7,22,2598.6,22,22,0
RELIANCE.BSE,02/01/2024,09:58:10,2598.5,2598.5,4,2598.5,4,4,0
RELIANCE.BSE,02/01/2024,09:58:11,2599,2599,2,2599,2,2,0
RELIANCE.BSE,02/01/2024,09:58:19,2599.3,2599.3,2,2599.3,2,2,0
RELIANCE.BSE,02/01/2024,09:58:20,2598.3,2598.3,1,2598.3,1,1,0
RELIANCE.BSE,02/01/2024,09:58:26,2597.85,2597.85,1,2597.85,1,1,0
RELIANCE.BSE,02/01/2024,09:58:31,2597.15,2597.15,3,2597.15,3,3,0
RELIANCE.BSE,02/01/2024,09:58:33,2596.1,2596.15,3,2596.1,3,3,0
RELIANCE.BSE,02/01/2024,09:58:41,2596.2,2596.2,50,2596.1,50,50,0
RELIANCE.BSE,02/01/2024,09:58:41,2596.95,2597.55,5,2596.95,5,5,0
RELIANCE.BSE,02/01/2024,09:58:44,2596.55,2596.55,2,2596.55,2,2,0
RELIANCE.BSE,02/01/2024,09:58:53,2597.4,2597.4,9,2597.4,9,9,0
RELIANCE.BSE,02/01/2024,09:58:53,2597.4,2597.4,11,2597.4,11,11,0
RELIANCE.BSE,02/01/2024,09:58:53,2597.4,2597.4,9,2597.4,9,9,0
RELIANCE.BSE,02/01/2024,09:59:00,2596.9,2596.9,2,2596.9,2,2,0
RELIANCE.BSE,02/01/2024,09:59:02,2596.9,2596.9,3,2596.9,3,3,0
RELIANCE.BSE,02/01/2024,09:59:03,2597.15,2597.15,2,2597.15,2,2,0
RELIANCE.BSE,02/01/2024,09:59:03,2596.75,2596.75,50,2595.65,50,50,0
RELIANCE.BSE,02/01/2024,09:59:06,2596.5,2596.8,7,2596.35,7,7,0
RELIANCE.BSE,02/01/2024,09:59:12,2596.8,2596.8,1,2596.8,1,1,0
RELIANCE.BSE,02/01/2024,09:59:19,2596.5,2596.75,2,2596.5,2,2,0
RELIANCE.BSE,02/01/2024,09:59:23,2594.75,2596.5,500,2594.75,500,500,0
RELIANCE.BSE,02/01/2024,09:59:28,2595.75,2596.1,10,2595.75,10,10,0
RELIANCE.BSE,02/01/2024,09:59:29,2594.65,2594.8,50,2594.65,50,50,0
RELIANCE.BSE,02/01/2024,09:59:31,2595.45,2595.45,2,2595.45,2,2,0
RELIANCE.BSE,02/01/2024,09:59:34,2594.6,2594.6,1,2594.6,1,1,0
RELIANCE.BSE,02/01/2024,09:59:42,2593.05,2593.05,1,2593.05,1,1,0
RELIANCE.BSE,02/01/2024,09:59:59,2595.05,2595.15,100,2595.05,100,100,0
RELIANCE.BSE,02/01/2024,10:00:02,2594.9,2594.9,2,2594.9,2,2,0
RELIANCE.BSE,02/01/2024,10:00:03,2594.9,2594.9,13,2594.9,13,13,0
RELIANCE.BSE,02/01/2024,10:00:04,2594.95,2594.95,1,2594.95,1,1,0
RELIANCE.BSE,02/01/2024,10:00:07,2593.35,2593.55,209,2593.35,209,209,0
RELIANCE.BSE,02/01/2024,10:00:11,2593.8,2594.15,8,2593.8,8,8,0
RELIANCE.BSE,02/01/2024,10:00:17,2593.5,2593.5,50,2593.5,50,50,0
RELIANCE.BSE,02/01/2024,10:00:17,2593.5,2593.5,7,2593.5,7,7,0
RELIANCE.BSE,02/01/2024,10:00:24,2595,2595,15,2595,15,15,0
RELIANCE.BSE,02/01/2024,10:00:30,2594.8,2594.8,10,2594.8,10,10,0
RELIANCE.BSE,02/01/2024,10:00:30,2594.75,2594.75,10,2594.75,10,10,0
RELIANCE.BSE,02/01/2024,10:00:31,2595.1,2595.1,1,2595.1,1,1,0
RELIANCE.BSE,02/01/2024,10:00:59,2596.1,2596.1,3,2596.1,3,3,0
RELIANCE.BSE,02/01/2024,10:01:10,2596,2596,3,2596,3,3,0
RELIANCE.BSE,02/01/2024,10:01:13,2596,2596,30,2596,30,30,0
RELIANCE.BSE,02/01/2024,10:01:29,2595,2595,20,2595,20,20,0
RELIANCE.BSE,02/01/2024,10:01:29,2594.85,2594.85,1,2594.85,1,1,0
RELIANCE.BSE,02/01/2024,10:01:33,2596.7,2596.7,7,2596.7,7,7,0
RELIANCE.BSE,02/01/2024,10:01:34,2597.15,2597.15,7,2597.15,7,7,0
RELIANCE.BSE,02/01/2024,10:01:37,2595.65,2595.65,60,2595.65,60,60,0
RELIANCE.BSE,02/01/2024,10:01:41,2596.55,2596.55,100,2596.45,100,100,0
RELIANCE.BSE,02/01/2024,10:01:41,2597.8,2597.8,25,2597.7,25,25,0
RELIANCE.BSE,02/01/2024,10:01:51,2598.7,2598.7,1,2598.7,1,1,0
RELIANCE.BSE,02/01/2024,10:01:58,2597.4,2597.4,5,2597.4,5,5,0
RELIANCE.BSE,02/01/2024,10:02:02,2597.35,2597.35,1,2597.35,1,1,0
RELIANCE.BSE,02/01/2024,10:02:16,2595.85,2595.85,5,2595.85,5,5,0
RELIANCE.BSE,02/01/2024,10:02:20,2597.4,2597.4,45,2597.4,45,45,0
RELIANCE.BSE,02/01/2024,10:02:21,2597.4,2597.4,8,2597.4,8,8,0
RELIANCE.BSE,02/01/2024,10:02:21,2597.4,2597.4,1,2597.4,1,1,0
RELIANCE.BSE,02/01/2024,10:02:23,2597.4,2597.4,1,2597.4,1,1,0
RELIANCE.BSE,02/01/2024,10:02:27,2597.4,2597.4,1,2597.4,1,1,0
RELIANCE.BSE,02/01/2024,10:02:28,2595.9,2596,50,2595.85,50,50,0
RELIANCE.BSE,02/01/2024,10:02:30,2595.85,2595.85,10,2595.85,10,10,0
RELIANCE.BSE,02/01/2024,10:02:33,2597.4,2597.4,1,2597.4,1,1,0
RELIANCE.BSE,02/01/2024,10:02:34,2597.4,2597.4,1,2597.4,1,1,0
RELIANCE.BSE,02/01/2024,10:02:43,2595.85,2595.85,85,2595.85,85,85,0
RELIANCE.BSE,02/01/2024,10:02:43,2596.95,2596.95,1,2596.95,1,1,0
RELIANCE.BSE,02/01/2024,10:02:51,2596.95,2596.95,1,2596.95,1,1,0
RELIANCE.BSE,02/01/2024,10:03:06,2596.95,2596.95,1,2596.95,1,1,0
RELIANCE.BSE,02/01/2024,10:03:10,2596.95,2596.95,5,2596.95,5,5,0
RELIANCE.BSE,02/01/2024,10:03:10,2595.75,2595.85,10,2595.75,10,10,0
RELIANCE.BSE,02/01/2024,10:03:13,2596.95,2596.95,1,2596.95,1,1,0
RELIANCE.BSE,02/01/2024,10:03:15,2596.95,2596.95,4,2596.95,4,4,0
RELIANCE.BSE,02/01/2024,10:03:16,2596.95,2596.95,20,2596.95,20,20,0
RELIANCE.BSE,02/01/2024,10:03:16,2596.95,2596.95,20,2596.95,20,20,0
RELIANCE.BSE,02/01/2024,10:03:16,2596.95,2596.95,10,2596.95,10,10,0
RELIANCE.BSE,02/01/2024,10:03:16,2596.95,2596.95,9,2596.95,9,9,0
RELIANCE.BSE,02/01/2024,10:03:20,2596.55,2596.55,192,2596.55,192,192,0
RELIANCE.BSE,02/01/2024,10:03:35,2597.65,2597.65,13,2597.65,13,13,0
RELIANCE.BSE,02/01/2024,10:03:48,2594.4,2595.75,500,2594.3,500,500,0
RELIANCE.BSE,02/01/2024,10:03:56,2595.75,2595.75,3,2595.75,3,3,0
RELIANCE.BSE,02/01/2024,10:04:02,2594.15,2594.3,20,2594.15,20,20,0
RELIANCE.BSE,02/01/2024,10:04:04,2595.35,2595.35,1,2595.35,1,1,0
RELIANCE.BSE,02/01/2024,10:04:09,2595.6,2595.6,8,2595.6,8,8,0
RELIANCE.BSE,02/01/2024,10:04:09,2595.6,2595.6,5,2595.6,5,5,0
RELIANCE.BSE,02/01/2024,10:04:30,2596.4,2596.45,10,2596.4,10,10,0
RELIANCE.BSE,02/01/2024,10:04:32,2595.6,2595.6,9,2595.6,9,9,0
RELIANCE.BSE,02/01/2024,10:04:32,2595.6,2595.6,1,2595.6,1,1,0
RELIANCE.BSE,02/01/2024,10:04:38,2596.5,2596.5,1,2596.5,1,1,0
RELIANCE.BSE,02/01/2024,10:04:41,2596.45,2596.45,1,2596.45,1,1,0
RELIANCE.BSE,02/01/2024,10:04:43,2594.75,2594.8,100,2594.75,100,100,0
RELIANCE.BSE,02/01/2024,10:04:56,2595.95,2595.95,1,2595.95,1,1,0
RELIANCE.BSE,02/01/2024,10:05:02,2595.9,2595.9,1,2595.9,1,1,0
RELIANCE.BSE,02/01/2024,10:05:02,2595.9,2595.9,13,2595.9,13,13,0
RELIANCE.BSE,02/01/2024,10:05:12,2594.75,2594.75,5,2594.75,5,5,0
RELIANCE.BSE,02/01/2024,10:05:18,2595.85,2595.85,2,2595.85,2,2,0
RELIANCE.BSE,02/01/2024,10:05:21,2595,2595,2,2595,2,2,0
RELIANCE.BSE,02/01/2024,10:05:24,2595.6,2595.65,40,2595.5,40,40,0
RELIANCE.BSE,02/01/2024,10:05:24,2596.95,2596.95,3,2596.95,3,3,0
RELIANCE.BSE,02/01/2024,10:05:37,2595.8,2595.8,15,2595.8,15,15,0
RELIANCE.BSE,02/01/2024,10:05:49,2596.9,2596.9,1,2596.9,1,1,0
RELIANCE.BSE,02/01/2024,10:05:51,2596.85,2596.85,1,2596.85,1,1,0
RELIANCE.BSE,02/01/2024,10:05:54,2596.85,2596.85,1,2596.85,1,1,0
RELIANCE.BSE,02/01/2024,10:06:18,2596.95,2596.95,5,2596.95,5,5,0
RELIANCE.BSE,02/01/2024,10:06:27,2597.75,2597.75,1,2597.75,1,1,0
RELIANCE.BSE,02/01/2024,10:06:29,2596.25,2596.25,28,2596.2,28,28,0
RELIANCE.BSE,02/01/2024,10:06:29,2597.75,2597.75,1,2597.75,1,1,0
RELIANCE.BSE,02/01/2024,10:06:34,2597.55,2597.55,1,2597.55,1,1,0
RELIANCE.BSE,02/01/2024,10:06:36,2596.2,2596.2,4,2596.15,4,4,0
RELIANCE.BSE,02/01/2024,10:06:39,2597.5,2597.5,7,2597.5,7,7,0
RELIANCE.BSE,02/01/2024,10:06:42,2596.15,2596.15,3,2596.15,3,3,0
RELIANCE.BSE,02/01/2024,10:07:11,2598.05,2598.05,1,2598.05,1,1,0
RELIANCE.BSE,02/01/2024,10:07:24,2598.05,2598.05,5,2598.05,5,5,0
RELIANCE.BSE,02/01/2024,10:07:42,2598,2598,1,2598,1,1,0
RELIANCE.BSE,02/01/2024,10:07:52,2598,2598,1,2598,1,1,0
RELIANCE.BSE,02/01/2024,10:07:55,2598,2598,4,2598,4,4,0
RELIANCE.BSE,02/01/2024,10:07:57,2598.05,2598.05,1,2598.05,1,1,0
RELIANCE.BSE,02/01/2024,10:08:00,2596.65,2596.65,36,2596.65,36,36,0
RELIANCE.BSE,02/01/2024,10:08:06,2598,2598,5,2598,5,5,0
RELIANCE.BSE,02/01/2024,10:08:06,2598,2598,1,2598,1,1,0
RELIANCE.BSE,02/01/2024,10:08:08,2598,2598,2,2598,2,2,0
RELIANCE.BSE,02/01/2024,10:08:23,2598,2598,1,2598,1,1,0
RELIANCE.BSE,02/01/2024,10:08:23,2596.6,2596.65,5,2596.6,5,5,0
RELIANCE.BSE,02/01/2024,10:08:23,2596.6,2596.6,17,2596.6,17,17,0
RELIANCE.BSE,02/01/2024,10:08:26,2597.35,2597.35,5,2597.35,5,5,0
RELIANCE.BSE,02/01/2024,10:08:26,2597.3,2597.3,5,2597.3,5,5,0
RELIANCE.BSE,02/01/2024,10:08:28,2597.3,2597.3,1,2597.3,1,1,0
RELIANCE.BSE,02/01/2024,10:08:34,2596.65,2596.65,40,2596.65,40,40,0
RELIANCE.BSE,02/01/2024,10:08:35,2596.1,2596.1,1,2596.1,1,1,0
RELIANCE.BSE,02/01/2024,10:08:36,2597.25,2597.25,10,2597.25,10,10,0
RELIANCE.BSE,02/01/2024,10:08:38,2596.5,2596.5,2,2596.5,2,2,0
RELIANCE.BSE,02/01/2024,10:08:38,2596.95,2596.95,8,2596.95,8,8,0
RELIANCE.BSE,02/01/2024,10:08:57,2595.05,2595.05,20,2595.05,20,20,0
RELIANCE.BSE,02/01/2024,10:09:08,2596,2596,3,2596,3,3,0
RELIANCE.BSE,02/01/2024,10:09:13,2595.3,2595.3,18,2595.3,18,18,0
RELIANCE.BSE,02/01/2024,10:09:14,2595.3,2595.3,1,2595.3,1,1,0
RELIANCE.BSE,02/01/2024,10:09:43,2596.15,2596.15,9,2596.15,9,9,0
RELIANCE.BSE,02/01/2024,10:09:44,2596,2596,2,2596,2,2,0
RELIANCE.BSE,02/01/2024,10:10:00,2594.55,2595,18,2594.55,18,18,0
RELIANCE.BSE,02/01/2024,10:10:02,2595.85,2595.9,60,2595.85,60,60,0
RELIANCE.BSE,02/01/2024,10:10:03,2594.3,2594.3,1,2594.3,1,1,0
RELIANCE.BSE,02/01/2024,10:10:03,2594.3,2594.35,15,2594.3,15,15,0
RELIANCE.BSE,02/01/2024,10:10:15,2594.25,2594.25,10,2594.25,10,10,0
RELIANCE.BSE,02/01/2024,10:10:19,2595.6,2595.6,2,2595.6,2,2,0
RELIANCE.BSE,02/01/2024,10:10:19,2594.15,2594.15,11,2594.15,11,11,0
RELIANCE.BSE,02/01/2024,10:10:30,2595.5,2595.5,5,2595.5,5,5,0
RELIANCE.BSE,02/01/2024,10:10:52,2595.15,2595.15,1,2595.15,1,1,0
RELIANCE.BSE,02/01/2024,10:11:10,2595.55,2595.55,1,2595.55,1,1,0
RELIANCE.BSE,02/01/2024,10:11:14,2595.15,2595.15,2,2595.15,2,2,0
RELIANCE.BSE,02/01/2024,10:11:21,2594.25,2594.25,20,2594.25,20,20,0
RELIANCE.BSE,02/01/2024,10:11:46,2595.4,2595.4,5,2595.4,5,5,0
RELIANCE.BSE,02/01/2024,10:10:31,2594.25,2594.25,2,2594.25,2,2,0
RELIANCE.BSE,02/01/2024,10:12:16,2594,2594.5,17,2594,17,17,0
RELIANCE.BSE,02/01/2024,10:12:23,2594.8,2594.8,2,2594.8,2,2,0
RELIANCE.BSE,02/01/2024,10:12:27,2594.75,2594.75,1,2594.75,1,1,0
RELIANCE.BSE,02/01/2024,10:12:33,2593.05,2593.1,7,2592.95,7,7,0
RELIANCE.BSE,02/01/2024,10:12:35,2594.25,2594.25,11,2594.25,11,11,0
RELIANCE.BSE,02/01/2024,10:13:04,2593.8,2593.8,18,2593.8,18,18,0
RELIANCE.BSE,02/01/2024,10:13:06,2593,2593,3,2593,3,3,0
RELIANCE.BSE,02/01/2024,10:13:06,2593,2593,20,2593,20,20,0
RELIANCE.BSE,02/01/2024,10:13:07,2593,2593,20,2593,20,20,0
RELIANCE.BSE,02/01/2024,10:13:07,2593,2593,12,2593,12,12,0
RELIANCE.BSE,02/01/2024,10:13:11,2594.15,2594.15,1,2594.15,1,1,0
RELIANCE.BSE,02/01/2024,10:13:22,2594.25,2594.25,20,2594.25,20,20,0
RELIANCE.BSE,02/01/2024,10:13:22,2594.25,2594.25,39,2594.25,39,39,0
RELIANCE.BSE,02/01/2024,10:13:33,2595,2595,15,2595,15,15,0
RELIANCE.BSE,02/01/2024,10:13:35,2595.5,2595.5,18,2595.5,18,18,0
RELIANCE.BSE,02/01/2024,10:13:41,2595,2595,20,2595,20,20,0
RELIANCE.BSE,02/01/2024,10:13:41,2596,2596,15,2595,15,15,0
RELIANCE.BSE,02/01/2024,10:14:12,2596,2596.1,2,2596,2,2,0
RELIANCE.BSE,02/01/2024,10:14:13,2596.1,2596.1,2,2596.1,2,2,0
RELIANCE.BSE,02/01/2024,10:14:17,2595.05,2595.05,3,2595.05,3,3,0
RELIANCE.BSE,02/01/2024,10:14:21,2595.05,2595.05,7,2595.05,7,7,0
RELIANCE.BSE,02/01/2024,10:14:29,2596.05,2596.25,84,2595.9,84,84,0
RELIANCE.BSE,02/01/2024,10:14:31,2596.05,2596.05,1,2596.05,1,1,0
RELIANCE.BSE,02/01/2024,10:14:34,2595,2595,20,2595,20,20,0
RELIANCE.BSE,02/01/2024,10:14:36,2596.3,2596.3,5,2596.3,5,5,0
RELIANCE.BSE,02/01/2024,10:14:37,2595,2595,30,2595,30,30,0
RELIANCE.BSE,02/01/2024,10:15:05,2596.35,2596.35,2,2596.35,2,2,0
RELIANCE.BSE,02/01/2024,10:15:16,2596.3,2596.3,10,2596.3,10,10,0
RELIANCE.BSE,02/01/2024,10:15:36,2596.3,2596.3,1,2596.3,1,1,0
RELIANCE.BSE,02/01/2024,10:15:39,2596,2596,1,2596,1,1,0
RELIANCE.BSE,02/01/2024,10:15:41,2595.05,2595.05,4,2595.05,4,4,0
RELIANCE.BSE,02/01/2024,10:15:41,2596.3,2596.3,1,2596.3,1,1,0
RELIANCE.BSE,02/01/2024,10:16:04,2596.15,2596.15,4,2596.15,4,4,0
RELIANCE.BSE,02/01/2024,10:16:06,2596.15,2596.15,5,2596.15,5,5,0
RELIANCE.BSE,02/01/2024,10:16:09,2596.15,2596.15,1,2596.15,1,1,0
RELIANCE.BSE,02/01/2024,10:16:18,2596.15,2596.15,1,2596.15,1,1,0
RELIANCE.BSE,02/01/2024,10:16:40,2596.15,2596.15,29,2596.15,29,29,0
RELIANCE.BSE,02/01/2024,10:16:44,2595.05,2595.05,3,2595.05,3,3,0
RELIANCE.BSE,02/01/2024,10:16:52,2595,2595,2,2595,2,2,0
RELIANCE.BSE,02/01/2024,10:17:03,2595,2595,9,2595,9,9,0
RELIANCE.BSE,02/01/2024,10:17:20,2595.55,2595.55,2,2595.55,2,2,0
RELIANCE.BSE,02/01/2024,10:17:20,2595.55,2595.55,1,2595.55,1,1,0
RELIANCE.BSE,02/01/2024,10:17:44,2595.55,2595.55,10,2595.55,10,10,0
RELIANCE.BSE,02/01/2024,10:17:53,2595.5,2595.5,1,2595.5,1,1,0
RELIANCE.BSE,02/01/2024,10:17:56,2595.5,2595.5,1,2595.5,1,1,0
RELIANCE.BSE,02/01/2024,10:18:01,2593.75,2593.75,28,2593.75,28,28,0
RELIANCE.BSE,02/01/2024,10:18:07,2595,2595,10,2595,10,10,0
RELIANCE.BSE,02/01/2024,10:18:22,2596.05,2596.05,1,2596.05,1,1,0
RELIANCE.BSE,02/01/2024,10:18:32,2594.45,2594.45,5,2594.45,5,5,0
RELIANCE.BSE,02/01/2024,10:18:41,2595,2595,1,2595,1,1,0
RELIANCE.BSE,02/01/2024,10:18:52,2594.15,2594.2,20,2594.15,20,20,0
RELIANCE.BSE,02/01/2024,10:19:07,2593.85,2593.9,20,2593.85,20,20,0
RELIANCE.BSE,02/01/2024,10:19:08,2593.8,2593.8,5,2593.8,5,5,0
RELIANCE.BSE,02/01/2024,10:19:38,2595.3,2595.3,50,2595.25,50,50,0
RELIANCE.BSE,02/01/2024,10:19:51,2595.4,2595.4,1,2595.4,1,1,0
RELIANCE.BSE,02/01/2024,10:20:24,2595.95,2595.95,3,2595.95,3,3,0
RELIANCE.BSE,02/01/2024,10:20:37,2594.4,2594.4,32,2594.4,32,32,0
RELIANCE.BSE,02/01/2024,10:20:38,2595.9,2595.9,3,2595.9,3,3,0
RELIANCE.BSE,02/01/2024,10:20:44,2594.35,2594.4,10,2594.35,10,10,0
RELIANCE.BSE,02/01/2024,10:20:46,2595.85,2595.85,1,2595.85,1,1,0
RELIANCE.BSE,02/01/2024,10:20:47,2594.7,2594.7,5,2594.7,5,5,0
RELIANCE.BSE,02/01/2024,10:20:53,2595.75,2595.75,8,2595.75,8,8,0
RELIANCE.BSE,02/01/2024,10:20:55,2595.75,2595.75,3,2595.75,3,3,0
RELIANCE.BSE,02/01/2024,10:20:56,2595.75,2595.75,5,2595.75,5,5,0
RELIANCE.BSE,02/01/2024,10:21:10,2593.8,2593.8,25,2593.8,25,25,0
RELIANCE.BSE,02/01/2024,10:21:22,2592.75,2592.8,45,2592.7,45,45,0
RELIANCE.BSE,02/01/2024,10:21:39,2594.8,2594.8,1,2594.8,1,1,0
RELIANCE.BSE,02/01/2024,10:21:40,2594.75,2594.75,11,2594.75,11,11,0
RELIANCE.BSE,02/01/2024,10:21:40,2594.75,2594.75,4,2594.75,4,4,0
RELIANCE.BSE,02/01/2024,10:21:50,2594.65,2594.65,16,2594.65,16,16,0
RELIANCE.BSE,02/01/2024,10:21:58,2594,2594,1,2594,1,1,0
RELIANCE.BSE,02/01/2024,10:22:04,2594,2594,20,2594,20,20,0
RELIANCE.BSE,02/01/2024,10:22:05,2594,2594,20,2594,20,20,0
RELIANCE.BSE,02/01/2024,10:22:12,2594,2594,40,2594,40,40,0
RELIANCE.BSE,02/01/2024,10:22:13,2594,2594,20,2594,20,20,0
RELIANCE.BSE,02/01/2024,10:22:15,2594,2594,20,2594,20,20,0
RELIANCE.BSE,02/01/2024,10:22:23,2592.2,2592.2,1,2592.2,1,1,0
RELIANCE.BSE,02/01/2024,10:22:24,2592.2,2592.2,2,2592.2,2,2,0
RELIANCE.BSE,02/01/2024,10:22:38,2592.6,2592.6,5,2592.6,5,5,0
RELIANCE.BSE,02/01/2024,10:22:52,2593.95,2593.95,1,2593.95,1,1,0
RELIANCE.BSE,02/01/2024,10:22:59,2593.85,2593.85,1,2593.85,1,1,0
RELIANCE.BSE,02/01/2024,10:23:05,2593.75,2593.75,1,2593.75,1,1,0
RELIANCE.BSE,02/01/2024,10:23:12,2593,2593,11,2593,11,11,0
RELIANCE.BSE,02/01/2024,10:23:14,2593,2593,9,2593,9,9,0
RELIANCE.BSE,02/01/2024,10:23:16,2593.7,2593.75,9,2593,9,9,0
RELIANCE.BSE,02/01/2024,10:23:29,2592,2592,5,2592,5,5,0
RELIANCE.BSE,02/01/2024,10:23:33,2592,2592,4,2592,4,4,0
RELIANCE.BSE,02/01/2024,10:23:46,2592,2592,27,2592,27,27,0
RELIANCE.BSE,02/01/2024,10:23:54,2591.75,2591.75,18,2591.65,18,18,0
RELIANCE.BSE,02/01/2024,10:23:57,2591.65,2591.65,18,2591.65,18,18,0
RELIANCE.BSE,02/01/2024,10:24:00,2591.65,2591.65,3,2591.65,3,3,0
RELIANCE.BSE,02/01/2024,10:24:00,2591.65,2591.65,29,2591.65,29,29,0
RELIANCE.BSE,02/01/2024,10:24:07,2591.4,2591.4,5,2591.4,5,5,0
RELIANCE.BSE,02/01/2024,10:24:39,2591,2591,5,2591,5,5,0
RELIANCE.BSE,02/01/2024,10:24:39,2591,2591,48,2591,48,48,0
RELIANCE.BSE,02/01/2024,10:24:43,2590.5,2590.5,10,2590.5,10,10,0
RELIANCE.BSE,02/01/2024,10:24:46,2591.35,2591.35,34,2591.35,34,34,0
RELIANCE.BSE,02/01/2024,10:24:47,2589.3,2590,157,2589.3,157,157,0
RELIANCE.BSE,02/01/2024,10:24:48,2589,2589,19,2589,19,19,0
RELIANCE.BSE,02/01/2024,10:24:50,2588.4,2588.4,49,2588.4,49,49,0
RELIANCE.BSE,02/01/2024,10:24:51,2588,2588,1,2588,1,1,0
RELIANCE.BSE,02/01/2024,10:24:55,2587.05,2587.05,3,2587.05,3,3,0
RELIANCE.BSE,02/01/2024,10:24:55,2587,2587,2,2587,2,2,0
RELIANCE.BSE,02/01/2024,10:25:00,2586.5,2586.5,1,2586.5,1,1,0
RELIANCE.BSE,02/01/2024,10:25:01,2587.5,2587.5,1,2587.5,1,1,0
RELIANCE.BSE,02/01/2024,10:25:06,2587.45,2587.45,100,2587.45,100,100,0
RELIANCE.BSE,02/01/2024,10:25:07,2586.05,2586.05,3,2586.05,3,3,0
RELIANCE.BSE,02/01/2024,10:25:17,2589.6,2589.6,13,2589,13,13,0
RELIANCE.BSE,02/01/2024,10:25:23,2588.25,2588.25,5,2588.25,5,5,0
RELIANCE.BSE,02/01/2024,10:25:14,2587.8,2587.8,1,2587.8,1,1,0
RELIANCE.BSE,02/01/2024,10:25:25,2587.85,2587.85,45,2587.75,45,45,0
RELIANCE.BSE,02/01/2024,10:25:29,2587.4,2587.4,3,2587.4,3,3,0
RELIANCE.BSE,02/01/2024,10:25:34,2586.95,2586.95,4,2586.95,4,4,0
RELIANCE.BSE,02/01/2024,10:25:41,2588.7,2588.7,2,2588.7,2,2,0
RELIANCE.BSE,02/01/2024,10:25:54,2587.55,2587.55,35,2587.55,35,35,0
RELIANCE.BSE,02/01/2024,10:26:32,2587.5,2587.5,1,2587.5,1,1,0
RELIANCE.BSE,02/01/2024,10:26:42,2587.1,2587.1,1,2587.1,1,1,0
RELIANCE.BSE,02/01/2024,10:26:52,2586.5,2586.5,100,2586.5,100,100,0
RELIANCE.BSE,02/01/2024,10:26:53,2586.5,2586.5,9,2586.5,9,9,0
RELIANCE.BSE,02/01/2024,10:26:55,2585.65,2586,300,2585.4,300,300,0
RELIANCE.BSE,02/01/2024,10:26:58,2586,2586,11,2586,11,11,0
RELIANCE.BSE,02/01/2024,10:27:06,2585.7,2585.7,20,2585.7,20,20,0
RELIANCE.BSE,02/01/2024,10:27:20,2585.3,2585.3,116,2585.3,116,116,0
RELIANCE.BSE,02/01/2024,10:27:26,2586.5,2586.5,6,2586.5,6,6,0
RELIANCE.BSE,02/01/2024,10:27:29,2586,2586,5,2586,5,5,0
RELIANCE.BSE,02/01/2024,10:27:26,2585.75,2585.75,35,2585.75,35,35,0
RELIANCE.BSE,02/01/2024,10:27:37,2587.7,2587.7,4,2587.7,4,4,0
RELIANCE.BSE,02/01/2024,10:27:37,2588,2588,48,2587.9,48,48,0
RELIANCE.BSE,02/01/2024,10:27:38,2589,2589,13,2588.8,13,13,0
RELIANCE.BSE,02/01/2024,10:27:38,2587.7,2587.7,49,2587.7,49,49,0
RELIANCE.BSE,02/01/2024,10:27:40,2588.1,2588.1,3,2588.1,3,3,0
RELIANCE.BSE,02/01/2024,10:27:41,2590.6,2590.6,1,2590.6,1,1,0
RELIANCE.BSE,02/01/2024,10:27:42,2589.7,2589.7,21,2589.7,21,21,0
RELIANCE.BSE,02/01/2024,10:27:42,2589.7,2589.7,6,2589.7,6,6,0
RELIANCE.BSE,02/01/2024,10:28:09,2586.7,2586.7,2,2586.7,2,2,0
RELIANCE.BSE,02/01/2024,10:28:18,2586.7,2586.7,2,2586.7,2,2,0
RELIANCE.BSE,02/01/2024,10:28:34,2588,2588,20,2588,20,20,0
RELIANCE.BSE,02/01/2024,10:28:58,2587.65,2587.65,100,2587.65,100,100,0
RELIANCE.BSE,02/01/2024,10:28:58,2587.95,2587.95,5,2587.95,5,5,0
RELIANCE.BSE,02/01/2024,10:29:01,2587.15,2587.15,1,2587.15,1,1,0
RELIANCE.BSE,02/01/2024,10:29:29,2588.85,2588.85,127,2588.5,127,127,0
RELIANCE.BSE,02/01/2024,10:29:37,2589.55,2589.55,9,2589.55,9,9,0
RELIANCE.BSE,02/01/2024,10:29:39,2588.25,2588.25,50,2588,50,50,0
RELIANCE.BSE,02/01/2024,10:29:39,2589.6,2589.6,30,2589.6,30,30,0
RELIANCE.BSE,02/01/2024,10:29:42,2588.15,2588.15,5,2588.15,5,5,0
RELIANCE.BSE,02/01/2024,10:29:48,2588.15,2588.15,2,2588.15,2,2,0
RELIANCE.BSE,02/01/2024,10:29:50,2588.25,2588.25,5,2588.25,5,5,0
RELIANCE.BSE,02/01/2024,10:29:53,2589.55,2589.55,1,2589.55,1,1,0
RELIANCE.BSE,02/01/2024,10:29:54,2588,2588,5,2588,5,5,0
RELIANCE.BSE,02/01/2024,10:30:30,2587.95,2587.95,1,2587.95,1,1,0
RELIANCE.BSE,02/01/2024,10:30:50,2588,2588,5,2588,5,5,0
RELIANCE.BSE,02/01/2024,10:30:56,2589.55,2589.55,21,2589.5,21,21,0
RELIANCE.BSE,02/01/2024,10:30:56,2589.55,2589.55,32,2589.55,32,32,0
RELIANCE.BSE,02/01/2024,10:30:56,2589.55,2589.55,16,2589.55,16,16,0
RELIANCE.BSE,02/01/2024,10:30:56,2589.55,2589.55,12,2589.55,12,12,0
RELIANCE.BSE,02/01/2024,10:30:57,2590,2590,336,2590,336,336,0
RELIANCE.BSE,02/01/2024,10:30:58,2590,2590,10,2590,10,10,0
RELIANCE.BSE,02/01/2024,10:30:58,2590,2590,297,2590,297,297,0
RELIANCE.BSE,02/01/2024,10:30:59,2590,2590,129,2590,129,129,0
RELIANCE.BSE,02/01/2024,10:30:59,2590,2590,50,2590,50,50,0
RELIANCE.BSE,02/01/2024,10:30:59,2590,2590,20,2590,20,20,0
RELIANCE.BSE,02/01/2024,10:31:00,2590,2590,20,2590,20,20,0
RELIANCE.BSE,02/01/2024,10:31:00,2590,2590,75,2590,75,75,0
RELIANCE.BSE,02/01/2024,10:31:01,2590.6,2590.6,16,2590,16,16,0
RELIANCE.BSE,02/01/2024,10:31:14,2590,2590,5,2590,5,5,0
RELIANCE.BSE,02/01/2024,10:31:32,2590.2,2590.2,2,2590.2,2,2,0
RELIANCE.BSE,02/01/2024,10:31:36,2588.55,2588.55,19,2588.55,19,19,0
RELIANCE.BSE,02/01/2024,10:31:38,2588.5,2588.5,13,2588.45,13,13,0
RELIANCE.BSE,02/01/2024,10:31:41,2590,2590,9,2590,9,9,0
RELIANCE.BSE,02/01/2024,10:31:42,2590,2590,1,2590,1,1,0
RELIANCE.BSE,02/01/2024,10:31:51,2591,2591,1,2591,1,1,0
RELIANCE.BSE,02/01/2024,10:31:52,2591.1,2591.25,100,2591,100,100,0
RELIANCE.BSE,02/01/2024,10:32:14,2588.45,2588.45,66,2588.45,66,66,0
RELIANCE.BSE,02/01/2024,10:32:19,2589.95,2590,17,2589.95,17,17,0
RELIANCE.BSE,02/01/2024,10:32:30,2591,2591,2,2591,2,2,0
RELIANCE.BSE,02/01/2024,10:32:39,2591,2591.25,10,2591,10,10,0
RELIANCE.BSE,02/01/2024,10:32:43,2590.85,2590.9,100,2590.85,100,100,0
RELIANCE.BSE,02/01/2024,10:33:00,2590.9,2590.9,2,2590.9,2,2,0
RELIANCE.BSE,02/01/2024,10:33:13,2590,2590,3,2590,3,3,0
RELIANCE.BSE,02/01/2024,10:33:15,2590.9,2590.9,5,2590.9,5,5,0
RELIANCE.BSE,02/01/2024,10:33:27,2590.15,2590.2,19,2590.15,19,19,0
RELIANCE.BSE,02/01/2024,10:33:32,2590.15,2590.15,2,2590.15,2,2,0
RELIANCE.BSE,02/01/2024,10:34:00,2591,2591,4,2591,4,4,0
RELIANCE.BSE,02/01/2024,10:34:11,2590,2590,102,2590,102,102,0
RELIANCE.BSE,02/01/2024,10:34:14,2590.65,2590.65,6,2590.65,6,6,0
RELIANCE.BSE,02/01/2024,10:34:21,2589.6,2589.65,20,2589.6,20,20,0
RELIANCE.BSE,02/01/2024,10:34:23,2590.65,2590.65,4,2590.65,4,4,0
RELIANCE.BSE,02/01/2024,10:34:32,2590.65,2590.65,1,2590.65,1,1,0
RELIANCE.BSE,02/01/2024,10:34:43,2590,2590,1,2590,1,1,0
RELIANCE.BSE,02/01/2024,10:34:46,2590,2590,1,2590,1,1,0
RELIANCE.BSE,02/01/2024,10:34:58,2590.1,2590.1,10,2590.1,10,10,0
RELIANCE.BSE,02/01/2024,10:35:03,2591.2,2591.2,36,2591,36,36,0
RELIANCE.BSE,02/01/2024,10:35:16,2589.95,2589.95,1,2589.95,1,1,0
RELIANCE.BSE,02/01/2024,10:35:23,2590.85,2590.85,10,2590.85,10,10,0
RELIANCE.BSE,02/01/2024,10:35:31,2590.85,2590.85,40,2590.85,40,40,0
RELIANCE.BSE,02/01/2024,10:35:35,2590.9,2590.9,40,2590.9,40,40,0
RELIANCE.BSE,02/01/2024,10:36:02,2590.3,2590.3,10,2590.3,10,10,0
RELIANCE.BSE,02/01/2024,10:36:37,2589.4,2589.45,51,2589.4,51,51,0
RELIANCE.BSE,02/01/2024,10:36:38,2590.3,2590.3,2,2590.3,2,2,0
RELIANCE.BSE,02/01/2024,10:36:40,2590.6,2590.6,1,2590.6,1,1,0
RELIANCE.BSE,02/01/2024,10:36:44,2589.35,2589.35,1,2589.35,1,1,0
RELIANCE.BSE,02/01/2024,10:36:48,2589.35,2589.45,11,2589.35,11,11,0
RELIANCE.BSE,02/01/2024,10:36:48,2588.5,2588.5,51,2588.5,51,51,0
RELIANCE.BSE,02/01/2024,10:36:56,2588,2588,50,2587.9,50,50,0
RELIANCE.BSE,02/01/2024,10:37:07,2587.2,2587.2,2,2587.2,2,2,0
RELIANCE.BSE,02/01/2024,10:37:10,2587.2,2587.2,21,2587.15,21,21,0
RELIANCE.BSE,02/01/2024,10:37:12,2587.25,2587.25,10,2587.25,10,10,0
RELIANCE.BSE,02/01/2024,10:37:20,2588,2588,2,2588,2,2,0
RELIANCE.BSE,02/01/2024,10:37:20,2588,2588,18,2588,18,18,0
RELIANCE.BSE,02/01/2024,10:37:28,2588.4,2588.45,150,2588.05,150,150,0
RELIANCE.BSE,02/01/2024,10:37:51,2588.15,2588.15,1,2588.15,1,1,0
RELIANCE.BSE,02/01/2024,10:38:09,2588.05,2588.05,1,2588.05,1,1,0
RELIANCE.BSE,02/01/2024,10:38:11,2588.05,2588.05,4,2588.05,4,4,0
RELIANCE.BSE,02/01/2024,10:38:15,2587.05,2587.05,10,2587.05,10,10,0
RELIANCE.BSE,02/01/2024,10:38:26,2587.05,2587.05,1,2587.05,1,1,0
RELIANCE.BSE,02/01/2024,10:39:03,2587,2587,24,2587,24,24,0
RELIANCE.BSE,02/01/2024,10:39:16,2586.2,2586.25,127,2586.15,127,127,0
RELIANCE.BSE,02/01/2024,10:39:19,2586.6,2586.6,4,2586.6,4,4,0
RELIANCE.BSE,02/01/2024,10:39:19,2585,2585.1,127,2585,127,127,0
RELIANCE.BSE,02/01/2024,10:39:33,2584.7,2585,240,2584.7,240,240,0
RELIANCE.BSE,02/01/2024,10:39:33,2584.7,2585,240,2584.7,240,0,0
RELIANCE.BSE,02/01/2024,10:39:34,2585.7,2585.7,2,2585.7,2,2,0
RELIANCE.BSE,02/01/2024,10:39:45,2584,2584.3,11,2584,11,11,0
RELIANCE.BSE,02/01/2024,10:39:45,2584,2584.3,11,2584,11,0,0
RELIANCE.BSE,02/01/2024,10:39:46,2584.7,2584.7,2,2584.7,2,2,0
RELIANCE.BSE,02/01/2024,10:39:47,2584.7,2584.7,2,2584.7,2,2,0
RELIANCE.BSE,02/01/2024,10:39:55,2583.5,2583.5,303,2583.5,303,303,0
RELIANCE.BSE,02/01/2024,10:39:55,2583.5,2583.5,303,2583.5,303,0,0
RELIANCE.BSE,02/01/2024,10:40:03,2583,2583,13,2583,13,13,0
RELIANCE.BSE,02/01/2024,10:40:03,2583,2583,13,2583,13,0,0
RELIANCE.BSE,02/01/2024,10:40:07,2584.1,2584.1,1,2584.1,1,1,0
RELIANCE.BSE,02/01/2024,10:40:20,2583.9,2583.9,1,2583.9,1,1,0
RELIANCE.BSE,02/01/2024,10:40:21,2585.6,2585.6,2,2585.6,2,2,0
RELIANCE.BSE,02/01/2024,10:40:41,2584.2,2584.2,2,2584.2,2,2,0
RELIANCE.BSE,02/01/2024,10:40:48,2583.05,2583.05,1,2583.05,1,1,0
RELIANCE.BSE,02/01/2024,10:40:47,2583.05,2583.05,100,2583.05,100,100,0
RELIANCE.BSE,02/01/2024,10:41:02,2582,2582,1,2582,1,1,0
RELIANCE.BSE,02/01/2024,10:41:02,2582,2582,1,2582,1,0,0
RELIANCE.BSE,02/01/2024,10:41:06,2582,2582,4,2582,4,4,0
RELIANCE.BSE,02/01/2024,10:41:08,2582,2582,95,2582,95,95,0
RELIANCE.BSE,02/01/2024,10:41:10,2583,2583,1,2583,1,1,0
RELIANCE.BSE,02/01/2024,10:41:17,2582.45,2582.55,31,2582.45,31,31,0
RELIANCE.BSE,02/01/2024,10:41:20,2583.05,2583.05,37,2583.05,37,37,0
RELIANCE.BSE,02/01/2024,10:41:26,2583.45,2583.45,1,2583.45,1,1,0
RELIANCE.BSE,02/01/2024,10:41:33,2583.75,2583.75,50,2583.75,50,50,0
RELIANCE.BSE,02/01/2024,10:41:29,2585,2585,3,2584.55,3,3,0
RELIANCE.BSE,02/01/2024,10:41:41,2585.25,2585.25,20,2585,20,20,0
RELIANCE.BSE,02/01/2024,10:41:49,2586.95,2586.95,8,2586.95,8,8,0
RELIANCE.BSE,02/01/2024,10:42:16,2585.05,2585.05,28,2585.05,28,28,0
RELIANCE.BSE,02/01/2024,10:42:21,2587,2587,21,2587,21,21,0
RELIANCE.BSE,02/01/2024,10:42:27,2588.15,2588.4,11,2588.15,11,11,0
RELIANCE.BSE,02/01/2024,10:42:53,2587.7,2587.7,1,2587.7,1,1,0
RELIANCE.BSE,02/01/2024,10:42:53,2587.7,2587.7,1,2587.7,1,1,0
RELIANCE.BSE,02/01/2024,10:43:09,2589.7,2589.7,7,2589.7,7,7,0
RELIANCE.BSE,02/01/2024,10:43:22,2587.55,2587.55,20,2587.55,20,20,0
RELIANCE.BSE,02/01/2024,10:43:28,2588.4,2588.4,4,2588.4,4,4,0
RELIANCE.BSE,02/01/2024,10:43:28,2588.4,2588.4,4,2588.4,4,4,0
RELIANCE.BSE,02/01/2024,10:43:35,2588.85,2588.85,9,2588.85,9,9,0
RELIANCE.BSE,02/01/2024,10:43:49,2587.8,2587.8,5,2587.8,5,5,0
RELIANCE.BSE,02/01/2024,10:44:04,2589.6,2589.6,3,2589.6,3,3,0
RELIANCE.BSE,02/01/2024,10:44:11,2589.75,2589.75,8,2589.75,8,8,0
RELIANCE.BSE,02/01/2024,10:44:22,2588.15,2588.15,10,2588.15,10,10,0
RELIANCE.BSE,02/01/2024,10:44:39,2589.25,2589.25,4,2589.25,4,4,0
RELIANCE.BSE,02/01/2024,10:44:43,2588.1,2588.1,1,2588.1,1,1,0
RELIANCE.BSE,02/01/2024,10:44:57,2586.75,2586.75,10,2586.75,10,10,0
RELIANCE.BSE,02/01/2024,10:45:01,2587.15,2587.5,35,2587.15,35,35,0
RELIANCE.BSE,02/01/2024,10:45:03,2588.85,2589.25,13,2588.85,13,13,0
RELIANCE.BSE,02/01/2024,10:45:10,2587.6,2587.6,3,2587.6,3,3,0
RELIANCE.BSE,02/01/2024,10:45:19,2586.35,2586.35,2,2586.35,2,2,0
RELIANCE.BSE,02/01/2024,10:45:27,2587.4,2587.65,50,2587.35,50,50,0
RELIANCE.BSE,02/01/2024,10:45:34,2587.15,2587.15,5,2587.1,5,5,0
RELIANCE.BSE,02/01/2024,10:45:39,2586.1,2586.1,11,2586.1,11,11,0
RELIANCE.BSE,02/01/2024,10:45:41,2586,2586.1,7,2586,7,7,0
RELIANCE.BSE,02/01/2024,10:45:51,2587.05,2587.05,5,2587.05,5,5,0
RELIANCE.BSE,02/01/2024,10:45:59,2586.5,2586.5,5,2586.5,5,5,0
RELIANCE.BSE,02/01/2024,10:45:59,2586.2,2586.2,1,2586.2,1,1,0
RELIANCE.BSE,02/01/2024,10:46:00,2586,2586,2,2586,2,2,0
RELIANCE.BSE,02/01/2024,10:46:01,2585.5,2585.5,5,2585.5,5,5,0
RELIANCE.BSE,02/01/2024,10:46:03,2584.65,2584.7,6,2584.65,6,6,0
RELIANCE.BSE,02/01/2024,10:46:06,2586,2586,4,2586,4,4,0
RELIANCE.BSE,02/01/2024,10:46:14,2586,2586,1,2586,1,1,0
RELIANCE.BSE,02/01/2024,10:46:21,2586.4,2586.4,1,2586.4,1,1,0
RELIANCE.BSE,02/01/2024,10:46:34,2585.65,2586,10,2585.65,10,10,0
RELIANCE.BSE,02/01/2024,10:46:42,2587.25,2587.25,19,2587.2,19,19,0
RELIANCE.BSE,02/01/2024,10:46:52,2587.45,2587.45,70,2587.35,70,70,0
RELIANCE.BSE,02/01/2024,10:46:58,2586.8,2587,10,2586.8,10,10,0
RELIANCE.BSE,02/01/2024,10:47:15,2586.55,2586.55,3,2586.55,3,3,0
RELIANCE.BSE,02/01/2024,10:47:17,2586.55,2586.55,7,2586.55,7,7,0
RELIANCE.BSE,02/01/2024,10:47:22,2586.3,2586.55,131,2586.25,131,131,0
RELIANCE.BSE,02/01/2024,10:47:33,2587.25,2587.25,2,2587.25,2,2,0
RELIANCE.BSE,02/01/2024,10:47:45,2588.4,2588.4,50,2588.35,50,50,0
RELIANCE.BSE,02/01/2024,10:48:08,2588.7,2588.7,9,2588.7,9,9,0
RELIANCE.BSE,02/01/2024,10:48:24,2587.6,2587.6,5,2587.6,5,5,0
RELIANCE.BSE,02/01/2024,10:48:53,2587.6,2587.6,10,2587.55,10,10,0
RELIANCE.BSE,02/01/2024,10:48:58,2589.6,2589.65,50,2589.1,50,50,0
RELIANCE.BSE,02/01/2024,10:49:37,2589.55,2589.55,5,2589.55,5,5,0
RELIANCE.BSE,02/01/2024,10:49:57,2587.95,2587.95,20,2587.95,20,20,0
RELIANCE.BSE,02/01/2024,10:50:01,2589.35,2589.35,1,2589.35,1,1,0
RELIANCE.BSE,02/01/2024,10:50:03,2589.3,2589.3,13,2589.3,13,13,0
RELIANCE.BSE,02/01/2024,10:50:10,2589,2589,3,2589,3,3,0
RELIANCE.BSE,02/01/2024,10:50:13,2589,2589,12,2589,12,12,0
RELIANCE.BSE,02/01/2024,10:50:19,2587.95,2587.95,20,2587.95,20,20,0
RELIANCE.BSE,02/01/2024,10:50:20,2587.95,2587.95,30,2587.95,30,30,0
RELIANCE.BSE,02/01/2024,10:51:01,2587,2587,10,2587,10,10,0
RELIANCE.BSE,02/01/2024,10:51:06,2587,2587,20,2587,20,20,0
RELIANCE.BSE,02/01/2024,10:51:09,2587,2587,10,2587,10,10,0
RELIANCE.BSE,02/01/2024,10:51:18,2587.75,2587.75,100,2587.75,100,100,0
RELIANCE.BSE,02/01/2024,10:51:59,2587.45,2587.45,150,2587.35,150,150,0
RELIANCE.BSE,02/01/2024,10:52:02,2587,2587,7,2587,7,7,0
RELIANCE.BSE,02/01/2024,10:52:10,2586,2586,1,2586,1,1,0
RELIANCE.BSE,02/01/2024,10:52:16,2587.2,2587.2,10,2587.2,10,10,0
RELIANCE.BSE,02/01/2024,10:52:29,2586,2586,1,2586,1,1,0
RELIANCE.BSE,02/01/2024,10:52:30,2587.45,2587.45,1,2587.45,1,1,0
RELIANCE.BSE,02/01/2024,10:52:33,2586,2586,13,2585.95,13,13,0
RELIANCE.BSE,02/01/2024,10:52:42,2588.3,2588.3,2,2588.3,2,2,0
RELIANCE.BSE,02/01/2024,10:52:51,2586.8,2586.8,10,2586.8,10,10,0
RELIANCE.BSE,02/01/2024,10:53:13,2587.55,2587.55,10,2587.55,10,10,0
RELIANCE.BSE,02/01/2024,10:53:22,2588.8,2588.8,4,2588.8,4,4,0
RELIANCE.BSE,02/01/2024,10:53:35,2586.7,2586.75,21,2586.45,21,21,0
RELIANCE.BSE,02/01/2024,10:53:43,2587.95,2587.95,9,2587.95,9,9,0
RELIANCE.BSE,02/01/2024,10:53:48,2586.6,2586.6,30,2586.5,30,30,0
RELIANCE.BSE,02/01/2024,10:53:56,2588.3,2588.4,36,2588.3,36,36,0
RELIANCE.BSE,02/01/2024,10:54:12,2587.5,2587.5,10,2587.5,10,10,0
RELIANCE.BSE,02/01/2024,10:54:16,2588.65,2588.65,6,2588.65,6,6,0
RELIANCE.BSE,02/01/2024,10:54:26,2587.55,2587.55,30,2587.55,30,30,0
RELIANCE.BSE,02/01/2024,10:55:03,2588,2588,13,2588,13,13,0
RELIANCE.BSE,02/01/2024,10:55:15,2588.8,2588.8,1,2588.8,1,1,0
RELIANCE.BSE,02/01/2024,10:55:29,2587.9,2587.95,35,2587.9,35,35,0
RELIANCE.BSE,02/01/2024,10:56:09,2587.3,2587.35,10,2587.3,10,10,0
RELIANCE.BSE,02/01/2024,10:56:38,2586,2586,29,2586,29,29,0
RELIANCE.BSE,02/01/2024,10:56:42,2585.55,2585.7,23,2585.55,23,23,0
RELIANCE.BSE,02/01/2024,10:56:46,2584.85,2585,50,2584.55,50,50,0
RELIANCE.BSE,02/01/2024,10:56:48,2584.65,2584.65,100,2584.65,100,100,0
RELIANCE.BSE,02/01/2024,10:57:24,2585.95,2585.95,3,2585.95,3,3,0
RELIANCE.BSE,02/01/2024,10:57:29,2586,2586,18,2586,18,18,0
RELIANCE.BSE,02/01/2024,10:57:39,2587,2587,1,2587,1,1,0
RELIANCE.BSE,02/01/2024,10:57:50,2585.7,2585.75,192,2585.4,192,192,0
RELIANCE.BSE,02/01/2024,10:57:59,2586.95,2587,23,2586.95,23,23,0
RELIANCE.BSE,02/01/2024,10:58:01,2586.95,2586.95,1,2586.95,1,1,0
RELIANCE.BSE,02/01/2024,10:58:03,2586.95,2586.95,4,2586.95,4,4,0
RELIANCE.BSE,02/01/2024,10:58:47,2586.5,2586.5,5,2586.5,5,5,0
RELIANCE.BSE,02/01/2024,10:58:54,2586.5,2586.5,5,2586.5,5,5,0
RELIANCE.BSE,02/01/2024,10:59:00,2586,2586,1,2586,1,1,0
RELIANCE.BSE,02/01/2024,10:59:07,2587.65,2587.65,18,2587.65,18,18,0
RELIANCE.BSE,02/01/2024,10:59:13,2588.3,2588.3,18,2588.3,18,18,0
RELIANCE.BSE,02/01/2024,10:59:16,2587.65,2587.65,26,2587.65,26,26,0
RELIANCE.BSE,02/01/2024,10:59:36,2587.35,2587.35,2,2587.35,2,2,0
RELIANCE.BSE,02/01/2024,10:59:55,2587,2587,1,2587,1,1,0
RELIANCE.BSE,02/01/2024,11:00:00,2587,2587,1,2587,1,1,0
RELIANCE.BSE,02/01/2024,11:00:01,2588.35,2588.35,1,2588.35,1,1,0
RELIANCE.BSE,02/01/2024,11:00:05,2589,2589,5,2589,5,5,0
RELIANCE.BSE,02/01/2024,11:00:31,2587.95,2587.95,1,2587.95,1,1,0
RELIANCE.BSE,02/01/2024,11:00:40,2587.95,2587.95,20,2587.95,20,20,0
RELIANCE.BSE,02/01/2024,11:00:54,2587,2587,10,2587,10,10,0
RELIANCE.BSE,02/01/2024,11:00:56,2586.5,2586.5,5,2586.5,5,5,0
RELIANCE.BSE,02/01/2024,11:01:10,2586,2586,5,2586,5,5,0
RELIANCE.BSE,02/01/2024,11:01:16,2586,2586,2,2586,2,2,0
RELIANCE.BSE,02/01/2024,11:01:18,2585.5,2585.5,5,2585.5,5,5,0
RELIANCE.BSE,02/01/2024,11:01:28,2586.35,2586.35,15,2586.35,15,15,0
RELIANCE.BSE,02/01/2024,11:01:52,2585.05,2585.05,1,2585.05,1,1,0
RELIANCE.BSE,02/01/2024,11:01:53,2585.05,2585.05,17,2585.05,17,17,0
RELIANCE.BSE,02/01/2024,11:01:53,2585,2585,159,2585,159,159,0
RELIANCE.BSE,02/01/2024,11:01:53,2584.95,2584.95,18,2584.95,18,18,0
RELIANCE.BSE,02/01/2024,11:01:58,2584.65,2584.65,20,2584.5,20,20,0
RELIANCE.BSE,02/01/2024,11:02:00,2584,2584,1,2584,1,1,0
RELIANCE.BSE,02/01/2024,11:02:03,2584.35,2584.35,20,2584.35,20,20,0
RELIANCE.BSE,02/01/2024,11:02:10,2583.4,2584,44,2583.4,44,44,0
RELIANCE.BSE,02/01/2024,11:02:21,2583.2,2583.2,15,2583.2,15,15,0
RELIANCE.BSE,02/01/2024,11:02:30,2583.2,2583.2,1,2583.2,1,1,0
RELIANCE.BSE,02/01/2024,11:02:31,2584.4,2584.6,40,2584.35,40,40,0
RELIANCE.BSE,02/01/2024,11:02:39,2584.5,2584.5,1,2584.5,1,1,0
RELIANCE.BSE,02/01/2024,11:02:39,2583.2,2583.2,1,2583.2,1,1,0
RELIANCE.BSE,02/01/2024,11:02:46,2584.45,2584.45,1,2584.45,1,1,0
RELIANCE.BSE,02/01/2024,11:03:00,2582.8,2582.8,1,2582.8,1,1,0
RELIANCE.BSE,02/01/2024,11:03:09,2582.3,2582.3,1,2582.3,1,1,0
RELIANCE.BSE,02/01/2024,11:03:23,2582.3,2582.3,4,2582.3,4,4,0
RELIANCE.BSE,02/01/2024,11:03:28,2582.3,2582.3,3,2582.3,3,3,0
RELIANCE.BSE,02/01/2024,11:03:31,2582.3,2582.3,9,2582.3,9,9,0
RELIANCE.BSE,02/01/2024,11:03:34,2583.2,2583.2,7,2583.2,7,7,0
RELIANCE.BSE,02/01/2024,11:03:36,2583.15,2583.15,2,2583.15,2,2,0
RELIANCE.BSE,02/01/2024,11:03:39,2582.1,2582.1,3,2582.1,3,3,0
RELIANCE.BSE,02/01/2024,11:03:39,2582.1,2582.1,7,2582.1,7,7,0
RELIANCE.BSE,02/01/2024,11:03:47,2582,2582,1,2582,1,1,0
RELIANCE.BSE,02/01/2024,11:03:50,2583.1,2583.2,20,2583.05,20,20,0
RELIANCE.BSE,02/01/2024,11:04:32,2582,2582,10,2582,10,10,0
RELIANCE.BSE,02/01/2024,11:04:39,2582,2582,2,2582,2,2,0
RELIANCE.BSE,02/01/2024,11:05:14,2583.25,2583.25,5,2583.25,5,5,0
RELIANCE.BSE,02/01/2024,11:05:21,2582.5,2582.5,95,2582.5,95,95,0
RELIANCE.BSE,02/01/2024,11:05:30,2582,2582,5,2581.5,5,5,0
RELIANCE.BSE,02/01/2024,11:05:30,2581.5,2582,5,2581.5,5,0,0
RELIANCE.BSE,02/01/2024,11:05:39,2582.1,2582.1,1,2582.1,1,1,0
RELIANCE.BSE,02/01/2024,11:05:46,2581,2581,36,2581,36,36,0
RELIANCE.BSE,02/01/2024,11:05:46,2581,2581,36,2581,36,0,0
RELIANCE.BSE,02/01/2024,11:05:47,2580.45,2580.65,17,2580.45,17,17,0
RELIANCE.BSE,02/01/2024,11:05:47,2580.45,2580.65,17,2580.45,17,0,0
RELIANCE.BSE,02/01/2024,11:05:47,2579.85,2580.2,340,2579.85,340,340,0
RELIANCE.BSE,02/01/2024,11:05:47,2579.85,2580.2,340,2579.85,340,0,0
RELIANCE.BSE,02/01/2024,11:05:48,2578.2,2579,14,2578.2,14,14,0
RELIANCE.BSE,02/01/2024,11:05:48,2578.2,2579,14,2578.2,14,0,0
RELIANCE.BSE,02/01/2024,11:05:52,2579.6,2579.6,1,2579.6,1,1,0
RELIANCE.BSE,02/01/2024,11:05:55,2578,2578.1,127,2577.2,127,127,0
RELIANCE.BSE,02/01/2024,11:05:55,2577.2,2578.1,127,2577.2,127,0,0
RELIANCE.BSE,02/01/2024,11:05:55,2577.2,2577.2,127,2576.7,127,127,0
RELIANCE.BSE,02/01/2024,11:05:55,2576.7,2577.2,127,2576.7,127,0,0
RELIANCE.BSE,02/01/2024,11:05:55,2576.6,2577.2,47,2576.5,47,47,0
RELIANCE.BSE,02/01/2024,11:05:55,2576.5,2577.2,47,2576.5,47,0,0
RELIANCE.BSE,02/01/2024,11:05:59,2577.25,2577.6,50,2577.15,50,50,0
RELIANCE.BSE,02/01/2024,11:06:01,2575.4,2576,28,2575.4,28,28,0
RELIANCE.BSE,02/01/2024,11:06:01,2575.4,2576,28,2575.4,28,0,0
RELIANCE.BSE,02/01/2024,11:06:05,2575.85,2575.85,15,2575.85,15,15,0
RELIANCE.BSE,02/01/2024,11:06:10,2578.1,2578.1,2,2578.1,2,2,0
RELIANCE.BSE,02/01/2024,11:06:17,2577.2,2577.2,15,2576.75,15,15,0
RELIANCE.BSE,02/01/2024,11:06:21,2577.2,2577.2,2,2577.2,2,2,0
RELIANCE.BSE,02/01/2024,11:06:37,2577.95,2577.95,1,2577.95,1,1,0
RELIANCE.BSE,02/01/2024,11:06:38,2576.7,2576.7,102,2576.7,102,102,0
RELIANCE.BSE,02/01/2024,11:06:45,2577.95,2577.95,1,2577.95,1,1,0
RELIANCE.BSE,02/01/2024,11:06:56,2577.8,2577.8,1,2577.8,1,1,0
RELIANCE.BSE,02/01/2024,11:07:05,2577.2,2577.2,14,2576.85,14,14,0
RELIANCE.BSE,02/01/2024,11:07:07,2576.85,2576.85,34,2576.85,34,34,0
RELIANCE.BSE,02/01/2024,11:07:21,2577.2,2577.2,1,2577.2,1,1,0
RELIANCE.BSE,02/01/2024,11:07:24,2578.5,2578.5,10,2578.5,10,10,0
RELIANCE.BSE,02/01/2024,11:07:27,2578.55,2578.55,1,2578.55,1,1,0
RELIANCE.BSE,02/01/2024,11:07:27,2578.85,2578.85,3,2578.85,3,3,0
RELIANCE.BSE,02/01/2024,11:07:30,2577.6,2577.65,70,2577.6,70,70,0
RELIANCE.BSE,02/01/2024,11:07:43,2579.6,2579.6,2,2579.6,2,2,0
RELIANCE.BSE,02/01/2024,11:07:45,2579.65,2579.65,1,2579.65,1,1,0
RELIANCE.BSE,02/01/2024,11:07:55,2580,2580,20,2580,20,20,0
RELIANCE.BSE,02/01/2024,11:07:55,2580,2580,12,2580,12,12,0
RELIANCE.BSE,02/01/2024,11:08:16,2580.5,2580.5,2,2580.5,2,2,0
RELIANCE.BSE,02/01/2024,11:08:22,2580.2,2580.2,2,2580.2,2,2,0
RELIANCE.BSE,02/01/2024,11:08:25,2579.8,2579.8,5,2579.8,5,5,0
RELIANCE.BSE,02/01/2024,11:08:31,2579.5,2579.5,5,2579.5,5,5,0
RELIANCE.BSE,02/01/2024,11:08:37,2579.75,2579.75,10,2579.7,10,10,0
RELIANCE.BSE,02/01/2024,11:08:39,2579,2579,10,2579,10,10,0
RELIANCE.BSE,02/01/2024,11:08:39,2578.5,2578.5,5,2578.5,5,5,0
RELIANCE.BSE,02/01/2024,11:08:49,2579.35,2579.35,2,2579.35,2,2,0
RELIANCE.BSE,02/01/2024,11:08:50,2578.5,2578.5,1,2578.5,1,1,0
RELIANCE.BSE,02/01/2024,11:09:31,2579.95,2579.95,5,2579.9,5,5,0
RELIANCE.BSE,02/01/2024,11:09:34,2578.8,2578.85,150,2578.65,150,150,0
RELIANCE.BSE,02/01/2024,11:09:35,2579.95,2579.95,5,2579.95,5,5,0
RELIANCE.BSE,02/01/2024,11:09:54,2579.95,2579.95,2,2579.95,2,2,0
RELIANCE.BSE,02/01/2024,11:09:57,2579.95,2579.95,11,2579.95,11,11,0
RELIANCE.BSE,02/01/2024,11:10:14,2579,2579,13,2579,13,13,0
RELIANCE.BSE,02/01/2024,11:10:16,2579.25,2579.25,1,2579.25,1,1,0
RELIANCE.BSE,02/01/2024,11:10:31,2578,2578,10,2578,10,10,0
RELIANCE.BSE,02/01/2024,11:10:38,2579.4,2579.4,1,2579.4,1,1,0
RELIANCE.BSE,02/01/2024,11:10:46,2579.35,2579.35,10,2579.3,10,10,0
RELIANCE.BSE,02/01/2024,11:10:56,2579,2579,24,2579,24,24,0
RELIANCE.BSE,02/01/2024,11:11:12,2580,2580,1,2580,1,1,0
RELIANCE.BSE,02/01/2024,11:11:14,2578.7,2579,21,2578.7,21,21,0
RELIANCE.BSE,02/01/2024,11:11:53,2579.9,2579.9,1,2579.9,1,1,0
RELIANCE.BSE,02/01/2024,11:11:59,2579.35,2579.35,10,2579.35,10,10,0
RELIANCE.BSE,02/01/2024,11:11:59,2579.9,2579.9,1,2579.9,1,1,0
RELIANCE.BSE,02/01/2024,11:12:04,2579.95,2579.95,15,2579.95,15,15,0
RELIANCE.BSE,02/01/2024,11:12:16,2578.9,2579,80,2578.9,80,80,0
RELIANCE.BSE,02/01/2024,11:12:16,2579.6,2579.6,1,2579.6,1,1,0
RELIANCE.BSE,02/01/2024,11:12:41,2578.5,2578.5,50,2578.5,50,50,0
RELIANCE.BSE,02/01/2024,11:12:48,2579.35,2579.35,2,2579.35,2,2,0
RELIANCE.BSE,02/01/2024,11:13:00,2579.45,2579.45,1,2579.45,1,1,0
RELIANCE.BSE,02/01/2024,11:13:01,2578.15,2578.6,68,2578.15,68,68,0
RELIANCE.BSE,02/01/2024,11:13:47,2578.3,2578.3,2,2578.3,2,2,0
RELIANCE.BSE,02/01/2024,11:13:55,2578.2,2578.2,1,2578.2,1,1,0
RELIANCE.BSE,02/01/2024,11:13:55,2578.2,2578.2,1,2578.2,1,1,0
RELIANCE.BSE,02/01/2024,11:14:01,2578.35,2578.35,2,2578.35,2,2,0
RELIANCE.BSE,02/01/2024,11:14:26,2578.05,2578.05,2,2578.05,2,2,0
RELIANCE.BSE,02/01/2024,11:14:36,2577.9,2577.9,40,2577.8,40,40,0
RELIANCE.BSE,02/01/2024,11:14:36,2579.3,2579.3,2,2579.3,2,2,0
RELIANCE.BSE,02/01/2024,11:14:50,2578.8,2578.8,1,2578.8,1,1,0
RELIANCE.BSE,02/01/2024,11:15:02,2578,2578,13,2578,13,13,0
RELIANCE.BSE,02/01/2024,11:15:03,2578,2578,3,2578,3,3,0
RELIANCE.BSE,02/01/2024,11:15:10,2578,2578,1,2578,1,1,0
RELIANCE.BSE,02/01/2024,11:15:17,2577.5,2577.5,10,2577.5,10,10,0
RELIANCE.BSE,02/01/2024,11:15:19,2578,2578,1,2578,1,1,0
RELIANCE.BSE,02/01/2024,11:15:30,2578,2578,18,2578,18,18,0
RELIANCE.BSE,02/01/2024,11:15:30,2576.85,2577.2,174,2576.85,174,174,0
RELIANCE.BSE,02/01/2024,11:15:30,2575.95,2576.5,24,2575.95,24,24,0
RELIANCE.BSE,02/01/2024,11:15:30,2575.85,2575.85,21,2575.85,21,21,0
RELIANCE.BSE,02/01/2024,11:15:30,2575,2575.3,380,2575,380,380,0
RELIANCE.BSE,02/01/2024,11:15:30,2575,2575.3,380,2575,380,0,0
RELIANCE.BSE,02/01/2024,11:15:36,2574.65,2576.1,1063,2574.65,1063,1063,0
RELIANCE.BSE,02/01/2024,11:15:36,2574.65,2576.1,1063,2574.65,1063,0,0
RELIANCE.BSE,02/01/2024,11:15:36,2574.75,2574.75,5,2574.75,5,5,0
RELIANCE.BSE,02/01/2024,11:15:37,2574.9,2574.9,43,2574.9,43,43,0
RELIANCE.BSE,02/01/2024,11:15:52,2574.9,2574.9,5,2574.9,5,5,0
RELIANCE.BSE,02/01/2024,11:15:58,2575,2575,350,2575,350,350,0
RELIANCE.BSE,02/01/2024,11:16:07,2575.35,2575.35,1,2575.35,1,1,0
RELIANCE.BSE,02/01/2024,11:16:17,2574.7,2574.7,43,2574.7,43,43,0
RELIANCE.BSE,02/01/2024,11:16:18,2574.9,2574.9,1,2574.9,1,1,0
RELIANCE.BSE,02/01/2024,11:16:40,2574.7,2574.7,20,2574.7,20,20,0
RELIANCE.BSE,02/01/2024,11:16:41,2574.7,2574.7,20,2574.7,20,20,0
RELIANCE.BSE,02/01/2024,11:16:42,2574.7,2574.7,10,2574.7,10,10,0
RELIANCE.BSE,02/01/2024,11:16:49,2574.2,2574.2,40,2574.2,40,40,0
RELIANCE.BSE,02/01/2024,11:16:49,2574.2,2574.2,40,2574.2,40,0,0
RELIANCE.BSE,02/01/2024,11:16:50,2574.2,2574.2,3,2574.2,3,3,0
RELIANCE.BSE,02/01/2024,11:16:55,2574.2,2574.2,43,2574.2,43,43,0
RELIANCE.BSE,02/01/2024,11:16:56,2574.2,2574.2,16,2574.2,16,16,0
RELIANCE.BSE,02/01/2024,11:16:56,2574.2,2574.2,10,2574.2,10,10,0
RELIANCE.BSE,02/01/2024,11:16:56,2574.2,2574.2,10,2574.2,10,10,0
RELIANCE.BSE,02/01/2024,11:16:58,2574.2,2574.2,7,2574.2,7,7,0
RELIANCE.BSE,02/01/2024,11:16:58,2574,2574,11,2574,11,11,0
RELIANCE.BSE,02/01/2024,11:16:58,2574,2574,11,2574,11,0,0
RELIANCE.BSE,02/01/2024,11:16:59,2574.3,2574.3,1,2574.3,1,1,0
RELIANCE.BSE,02/01/2024,11:17:03,2573.75,2573.75,10,2573.75,10,10,0
RELIANCE.BSE,02/01/2024,11:17:03,2573.75,2573.75,10,2573.75,10,0,0
RELIANCE.BSE,02/01/2024,11:17:15,2575,2575,25,2575,25,25,0
RELIANCE.BSE,02/01/2024,11:17:52,2575.35,2575.35,33,2575.35,33,33,0
RELIANCE.BSE,02/01/2024,11:18:07,2576,2576,38,2576,38,38,0
RELIANCE.BSE,02/01/2024,11:18:10,2576,2576,10,2576,10,10,0
RELIANCE.BSE,02/01/2024,11:18:20,2575.95,2575.95,1,2575.95,1,1,0
RELIANCE.BSE,02/01/2024,11:18:28,2575.3,2575.3,43,2575.3,43,43,0
RELIANCE.BSE,02/01/2024,11:18:28,2575.1,2575.1,4,2575.1,4,4,0
RELIANCE.BSE,02/01/2024,11:18:29,2575.3,2575.3,43,2575.3,43,43,0
RELIANCE.BSE,02/01/2024,11:18:32,2574.85,2574.85,43,2574.85,43,43,0
RELIANCE.BSE,02/01/2024,11:18:34,2574.2,2574.2,43,2574.2,43,43,0
RELIANCE.BSE,02/01/2024,11:18:34,2575.2,2575.2,2,2575.2,2,2,0
RELIANCE.BSE,02/01/2024,11:18:35,2574.2,2574.2,43,2574.2,43,43,0
RELIANCE.BSE,02/01/2024,11:18:36,2574.2,2574.2,43,2574.2,43,43,0
RELIANCE.BSE,02/01/2024,11:18:37,2574.2,2574.2,43,2574.2,43,43,0
RELIANCE.BSE,02/01/2024,11:18:39,2574.2,2574.2,43,2574.2,43,43,0
RELIANCE.BSE,02/01/2024,11:18:41,2574.2,2574.2,43,2574.2,43,43,0
RELIANCE.BSE,02/01/2024,11:18:42,2574,2574.2,44,2574,44,44,0
RELIANCE.BSE,02/01/2024,11:18:42,2573.75,2573.75,1,2573.75,1,1,0
RELIANCE.BSE,02/01/2024,11:18:44,2574.45,2574.45,1,2574.45,1,1,0
RELIANCE.BSE,02/01/2024,11:18:44,2574.45,2574.45,2,2574.45,2,2,0
RELIANCE.BSE,02/01/2024,11:18:51,2574.75,2574.75,5,2574.75,5,5,0
RELIANCE.BSE,02/01/2024,11:18:55,2573.5,2573.75,60,2573.5,60,60,0
RELIANCE.BSE,02/01/2024,11:18:55,2573.5,2573.75,60,2573.5,60,0,0
RELIANCE.BSE,02/01/2024,11:18:57,2573.7,2573.7,1,2573.7,1,1,0
RELIANCE.BSE,02/01/2024,11:18:59,2573.95,2573.95,1,2573.95,1,1,0
RELIANCE.BSE,02/01/2024,11:19:04,2574.65,2574.65,1,2574.65,1,1,0
RELIANCE.BSE,02/01/2024,11:19:04,2573.95,2573.95,1,2573.95,1,1,0
RELIANCE.BSE,02/01/2024,11:19:09,2575,2575,1,2575,1,1,0
RELIANCE.BSE,02/01/2024,11:19:17,2574.25,2574.25,42,2574,42,42,0
RELIANCE.BSE,02/01/2024,11:19:17,2575,2575,1,2575,1,1,0
RELIANCE.BSE,02/01/2024,11:19:19,2574.2,2574.2,1,2574.2,1,1,0
RELIANCE.BSE,02/01/2024,11:19:20,2574.75,2574.75,3,2574.75,3,3,0
RELIANCE.BSE,02/01/2024,11:19:36,2574.95,2574.95,42,2574.95,42,42,0
RELIANCE.BSE,02/01/2024,11:19:47,2575.8,2575.8,43,2575.8,43,43,0
RELIANCE.BSE,02/01/2024,11:19:48,2575.8,2575.8,8,2575.8,8,8,0
RELIANCE.BSE,02/01/2024,11:19:48,2575.8,2575.8,35,2575.8,35,35,0
RELIANCE.BSE,02/01/2024,11:19:49,2575.8,2575.8,43,2575.8,43,43,0
RELIANCE.BSE,02/01/2024,11:19:52,2575.8,2575.8,43,2575.8,43,43,0
RELIANCE.BSE,02/01/2024,11:19:53,2575.8,2575.8,43,2575.8,43,43,0
RELIANCE.BSE,02/01/2024,11:19:55,2575.8,2575.8,21,2575.8,21,21,0
RELIANCE.BSE,02/01/2024,11:20:03,2576.2,2576.2,2,2576.2,2,2,0
RELIANCE.BSE,02/01/2024,11:20:06,2576.25,2576.25,4,2576.25,4,4,0
RELIANCE.BSE,02/01/2024,11:20:14,2576.2,2576.2,2,2576.2,2,2,0
RELIANCE.BSE,02/01/2024,11:20:17,2576.25,2576.25,5,2576.25,5,5,0
RELIANCE.BSE,02/01/2024,11:20:22,2575.8,2575.8,22,2575.8,22,22,0
RELIANCE.BSE,02/01/2024,11:20:24,2576.25,2576.25,5,2576.25,5,5,0
RELIANCE.BSE,02/01/2024,11:20:33,2576.25,2576.25,20,2576.25,20,20,0
RELIANCE.BSE,02/01/2024,11:20:38,2576.25,2576.25,20,2576.25,20,20,0
RELIANCE.BSE,02/01/2024,11:20:38,2576.25,2576.25,22,2576.25,22,22,0
RELIANCE.BSE,02/01/2024,11:20:39,2577.2,2577.2,2,2577.2,2,2,0
RELIANCE.BSE,02/01/2024,11:20:42,2577.1,2577.1,1,2577.1,1,1,0
RELIANCE.BSE,02/01/2024,11:20:57,2577.25,2577.25,18,2577.25,18,18,0
RELIANCE.BSE,02/01/2024,11:21:03,2576.55,2576.55,12,2576.55,12,12,0
RELIANCE.BSE,02/01/2024,11:21:06,2578,2578,10,2578,10,10,0
RELIANCE.BSE,02/01/2024,11:21:20,2578,2578,96,2578,96,96,0
RELIANCE.BSE,02/01/2024,11:21:20,2578,2578,150,2578,150,150,0
RELIANCE.BSE,02/01/2024,11:21:43,2577.8,2577.8,1,2577.8,1,1,0
RELIANCE.BSE,02/01/2024,11:22:01,2578.05,2578.05,30,2578.05,30,30,0
RELIANCE.BSE,02/01/2024,11:22:03,2578,2578,43,2578,43,43,0
RELIANCE.BSE,02/01/2024,11:22:04,2578.8,2578.8,2,2578.8,2,2,0
RELIANCE.BSE,02/01/2024,11:22:05,2578,2578,42,2578,42,42,0
RELIANCE.BSE,02/01/2024,11:22:07,2578.8,2578.8,70,2578.8,70,70,0
RELIANCE.BSE,02/01/2024,11:22:15,2578.8,2578.8,1,2578.8,1,1,0
RELIANCE.BSE,02/01/2024,11:22:20,2578.85,2578.85,60,2578.85,60,60,0
RELIANCE.BSE,02/01/2024,11:22:22,2579.4,2579.4,1,2579.4,1,1,0
RELIANCE.BSE,02/01/2024,11:22:41,2579.4,2579.4,1,2579.4,1,1,0
RELIANCE.BSE,02/01/2024,11:22:45,2579.4,2579.4,14,2579.4,14,14,0
RELIANCE.BSE,02/01/2024,11:22:52,2579,2579,3,2579,3,3,0
RELIANCE.BSE,02/01/2024,11:23:10,2579,2579,22,2579,22,22,0
RELIANCE.BSE,02/01/2024,11:23:10,2579.45,2579.45,80,2579.45,80,80,0
RELIANCE.BSE,02/01/2024,11:23:25,2580.15,2580.75,394,2579.6,394,394,0
RELIANCE.BSE,02/01/2024,11:23:43,2578.8,2578.8,4,2578.65,4,4,0
RELIANCE.BSE,02/01/2024,11:23:45,2578.85,2578.85,36,2578.85,36,36,0
RELIANCE.BSE,02/01/2024,11:24:00,2579.8,2579.8,2,2579.8,2,2,0
RELIANCE.BSE,02/01/2024,11:24:10,2579.75,2579.95,11,2579.75,11,11,0
RELIANCE.BSE,02/01/2024,11:24:13,2579.85,2579.85,1,2579.85,1,1,0
RELIANCE.BSE,02/01/2024,11:24:16,2578.55,2578.85,25,2578.55,25,25,0
RELIANCE.BSE,02/01/2024,11:24:29,2578,2578,43,2578,43,43,0
RELIANCE.BSE,02/01/2024,11:24:30,2578,2578,4,2578,4,4,0
RELIANCE.BSE,02/01/2024,11:24:34,2578.8,2578.8,4,2578.8,4,4,0
RELIANCE.BSE,02/01/2024,11:24:39,2578.8,2578.8,1,2578.8,1,1,0
RELIANCE.BSE,02/01/2024,11:24:47,2578.75,2578.75,5,2578.75,5,5,0
RELIANCE.BSE,02/01/2024,11:24:53,2579.35,2579.35,5,2579.35,5,5,0
RELIANCE.BSE,02/01/2024,11:24:57,2578.75,2578.75,8,2578.75,8,8,0
RELIANCE.BSE,02/01/2024,11:25:02,2579.05,2579.05,13,2579.05,13,13,0
RELIANCE.BSE,02/01/2024,11:25:03,2579.05,2579.05,18,2579.05,18,18,0
RELIANCE.BSE,02/01/2024,11:25:04,2578.55,2578.85,36,2578.15,36,36,0
RELIANCE.BSE,02/01/2024,11:25:04,2579.05,2579.05,43,2579.05,43,43,0
RELIANCE.BSE,02/01/2024,11:25:06,2579.35,2579.35,13,2579.35,13,13,0
RELIANCE.BSE,02/01/2024,11:25:09,2578.1,2578.1,394,2577.65,394,394,0
RELIANCE.BSE,02/01/2024,11:25:22,2579.5,2579.5,20,2579.5,20,20,0
RELIANCE.BSE,02/01/2024,11:25:23,2579.6,2579.6,1,2579.6,1,1,0
RELIANCE.BSE,02/01/2024,11:25:32,2580,2580,21,2579.95,21,21,0
RELIANCE.BSE,02/01/2024,11:25:32,2580.1,2580.1,3,2580.1,3,3,0
RELIANCE.BSE,02/01/2024,11:25:33,2580.15,2580.15,2,2580.15,2,2,0
RELIANCE.BSE,02/01/2024,11:25:44,2581.6,2581.6,1,2581.6,1,1,0
RELIANCE.BSE,02/01/2024,11:25:45,2580.35,2580.35,43,2580.35,43,43,0
RELIANCE.BSE,02/01/2024,11:25:51,2581.15,2581.15,1,2581.15,1,1,0
RELIANCE.BSE,02/01/2024,11:26:06,2580.05,2580.05,43,2580.05,43,43,0
RELIANCE.BSE,02/01/2024,11:26:07,2579.3,2579.3,21,2579.3,21,21,0
RELIANCE.BSE,02/01/2024,11:26:10,2579.8,2579.8,1,2579.8,1,1,0
RELIANCE.BSE,02/01/2024,11:26:22,2581,2581,20,2581,20,20,0
RELIANCE.BSE,02/01/2024,11:26:25,2580.3,2580.3,10,2580.3,10,10,0
RELIANCE.BSE,02/01/2024,11:26:31,2580.3,2580.3,11,2580.3,11,11,0
RELIANCE.BSE,02/01/2024,11:26:40,2579.9,2579.9,43,2579.9,43,43,0
RELIANCE.BSE,02/01/2024,11:26:43,2580.25,2580.25,8,2580.25,8,8,0
RELIANCE.BSE,02/01/2024,11:26:56,2580,2580,43,2580,43,43,0
RELIANCE.BSE,02/01/2024,11:26:57,2580,2580,43,2580,43,43,0
RELIANCE.BSE,02/01/2024,11:26:58,2580,2580,43,2580,43,43,0
RELIANCE.BSE,02/01/2024,11:26:58,2579.8,2579.8,3,2579.8,3,3,0
RELIANCE.BSE,02/01/2024,11:27:01,2580.3,2580.3,7,2580.3,7,7,0
RELIANCE.BSE,02/01/2024,11:27:04,2579.4,2579.4,1,2579.4,1,1,0
RELIANCE.BSE,02/01/2024,11:27:20,2580.15,2580.15,42,2580.15,42,42,0
RELIANCE.BSE,02/01/2024,11:27:21,2579.7,2579.7,8,2579.7,8,8,0
RELIANCE.BSE,02/01/2024,11:27:30,2579.85,2579.85,43,2579.85,43,43,0
RELIANCE.BSE,02/01/2024,11:27:41,2579.05,2579.05,1,2579.05,1,1,0
RELIANCE.BSE,02/01/2024,11:27:44,2580.2,2580.2,1,2580.2,1,1,0
RELIANCE.BSE,02/01/2024,11:27:55,2580.5,2580.5,1,2580.5,1,1,0
RELIANCE.BSE,02/01/2024,11:27:59,2581,2581,1,2581,1,1,0
RELIANCE.BSE,02/01/2024,11:28:02,2580.05,2580.05,12,2580.05,12,12,0
RELIANCE.BSE,02/01/2024,11:28:13,2580.05,2580.05,30,2580.05,30,30,0
RELIANCE.BSE,02/01/2024,11:28:15,2580.05,2580.05,30,2580.05,30,30,0
RELIANCE.BSE,02/01/2024,11:28:15,2580.05,2580.05,13,2580.05,13,13,0
RELIANCE.BSE,02/01/2024,11:28:26,2579.85,2579.85,4,2579.85,4,4,0
RELIANCE.BSE,02/01/2024,11:28:36,2579.85,2579.85,39,2579.85,39,39,0
RELIANCE.BSE,02/01/2024,11:28:58,2580.7,2580.7,5,2580.7,5,5,0
RELIANCE.BSE,02/01/2024,11:29:04,2580.7,2580.7,1,2580.7,1,1,0
RELIANCE.BSE,02/01/2024,11:29:19,2581,2581,6,2581,6,6,0
RELIANCE.BSE,02/01/2024,11:29:31,2580.95,2580.95,1,2580.95,1,1,0
RELIANCE.BSE,02/01/2024,11:29:34,2580.95,2580.95,1,2580.95,1,1,0
RELIANCE.BSE,02/01/2024,11:29:37,2580.1,2580.1,2,2580.1,2,2,0
RELIANCE.BSE,02/01/2024,11:29:38,2580.1,2580.1,41,2580.1,41,41,0
RELIANCE.BSE,02/01/2024,11:29:38,2580.7,2580.7,1,2580.7,1,1,0
RELIANCE.BSE,02/01/2024,11:29:39,2580,2580,5,2580,5,5,0
RELIANCE.BSE,02/01/2024,11:29:39,2580.2,2580.2,43,2580.2,43,43,0
RELIANCE.BSE,02/01/2024,11:29:41,2580,2580,43,2580,43,43,0
RELIANCE.BSE,02/01/2024,11:29:50,2580,2580,43,2580,43,43,0
RELIANCE.BSE,02/01/2024,11:29:51,2580,2580,43,2580,43,43,0
RELIANCE.BSE,02/01/2024,11:29:53,2580,2580,43,2580,43,43,0
RELIANCE.BSE,02/01/2024,11:29:55,2580,2580,43,2580,43,43,0
RELIANCE.BSE,02/01/2024,11:29:56,2580,2580,10,2580,10,10,0
RELIANCE.BSE,02/01/2024,11:30:07,2579.8,2580,43,2579.8,43,43,0
RELIANCE.BSE,02/01/2024,11:30:09,2579.5,2579.5,43,2579.5,43,43,0
RELIANCE.BSE,02/01/2024,11:30:10,2579.5,2579.5,30,2579.5,30,30,0
RELIANCE.BSE,02/01/2024,11:30:24,2580.6,2580.6,10,2580.6,10,10,0
RELIANCE.BSE,02/01/2024,11:30:24,2580.6,2580.6,3,2580.6,3,3,0
RELIANCE.BSE,02/01/2024,11:30:37,2579.5,2579.5,13,2579.5,13,13,0
RELIANCE.BSE,02/01/2024,11:30:39,2579.4,2579.4,43,2579.4,43,43,0
RELIANCE.BSE,02/01/2024,11:30:42,2579.2,2579.2,43,2579.2,43,43,0
RELIANCE.BSE,02/01/2024,11:30:45,2579.2,2579.2,20,2579.2,20,20,0
RELIANCE.BSE,02/01/2024,11:30:55,2579.2,2579.2,41,2579.2,41,41,0
RELIANCE.BSE,02/01/2024,11:30:55,2579,2579,5,2579,5,5,0
RELIANCE.BSE,02/01/2024,11:30:56,2578.65,2578.65,43,2578.65,43,43,0
RELIANCE.BSE,02/01/2024,11:30:57,2579.3,2579.3,3,2579.3,3,3,0
RELIANCE.BSE,02/01/2024,11:30:58,2578.65,2578.65,43,2578.65,43,43,0
RELIANCE.BSE,02/01/2024,11:30:59,2578.65,2578.65,43,2578.65,43,43,0
RELIANCE.BSE,02/01/2024,11:31:00,2578.65,2578.65,8,2578.65,8,8,0
RELIANCE.BSE,02/01/2024,11:31:09,2579.3,2579.3,1,2579.3,1,1,0
RELIANCE.BSE,02/01/2024,11:31:13,2578.65,2578.65,35,2578.65,35,35,0
RELIANCE.BSE,02/01/2024,11:31:14,2578.65,2578.65,43,2578.65,43,43,0
RELIANCE.BSE,02/01/2024,11:31:15,2578.45,2578.45,51,2578.45,51,51,0
RELIANCE.BSE,02/01/2024,11:31:15,2578.65,2578.65,43,2578.65,43,43,0
RELIANCE.BSE,02/01/2024,11:31:15,2579.3,2579.3,100,2579.3,100,100,0
RELIANCE.BSE,02/01/2024,11:31:18,2578.2,2578.2,43,2578.2,43,43,0
RELIANCE.BSE,02/01/2024,11:31:18,2579.2,2579.2,1,2579.2,1,1,0
RELIANCE.BSE,02/01/2024,11:31:22,2579.2,2579.2,1,2579.2,1,1,0
RELIANCE.BSE,02/01/2024,11:31:38,2578.2,2578.2,43,2578.2,43,43,0
RELIANCE.BSE,02/01/2024,11:31:40,2578.25,2578.25,43,2578.25,43,43,0
RELIANCE.BSE,02/01/2024,11:31:41,2578.25,2578.25,2,2578.25,2,2,0
RELIANCE.BSE,02/01/2024,11:31:41,2578.25,2578.25,41,2578.25,41,41,0
RELIANCE.BSE,02/01/2024,11:31:42,2578.05,2578.05,10,2578.05,10,10,0
RELIANCE.BSE,02/01/2024,11:31:43,2578.2,2578.2,43,2578.2,43,43,0
RELIANCE.BSE,02/01/2024,11:31:43,2578,2578,19,2578,19,19,0
RELIANCE.BSE,02/01/2024,11:31:44,2578.2,2578.2,43,2578.2,43,43,0
RELIANCE.BSE,02/01/2024,11:31:47,2577.5,2577.5,43,2577.5,43,43,0
RELIANCE.BSE,02/01/2024,11:31:47,2577.45,2577.45,43,2577.45,43,43,0
RELIANCE.BSE,02/01/2024,11:31:49,2577,2577.2,48,2577,48,48,0
RELIANCE.BSE,02/01/2024,11:31:54,2576.8,2576.8,45,2576.5,45,45,0
RELIANCE.BSE,02/01/2024,11:31:58,2576.55,2576.55,43,2576.55,43,43,0
RELIANCE.BSE,02/01/2024,11:31:59,2576.35,2576.35,18,2576.35,18,18,0
RELIANCE.BSE,02/01/2024,11:31:59,2576.55,2576.55,43,2576.55,43,43,0
RELIANCE.BSE,02/01/2024,11:32:07,2576.2,2576.2,43,2576.2,43,43,0
RELIANCE.BSE,02/01/2024,11:32:07,2576.9,2576.9,116,2576.9,116,116,0
RELIANCE.BSE,02/01/2024,11:32:09,2576.25,2576.25,2,2576.25,2,2,0
RELIANCE.BSE,02/01/2024,11:32:26,2577.3,2577.3,41,2577.3,41,41,0
RELIANCE.BSE,02/01/2024,11:32:41,2577.05,2577.05,3,2577.05,3,3,0
RELIANCE.BSE,02/01/2024,11:32:45,2577.05,2577.05,29,2577.05,29,29,0
RELIANCE.BSE,02/01/2024,11:32:48,2577.05,2577.05,11,2577.05,11,11,0
RELIANCE.BSE,02/01/2024,11:32:49,2577,2577,43,2577,43,43,0
RELIANCE.BSE,02/01/2024,11:33:05,2577.95,2577.95,1,2577.95,1,1,0
RELIANCE.BSE,02/01/2024,11:33:08,2577,2577,43,2577,43,43,0
RELIANCE.BSE,02/01/2024,11:33:09,2576.15,2576.15,10,2576.15,10,10,0
RELIANCE.BSE,02/01/2024,11:33:10,2576.2,2576.2,43,2576.2,43,43,0
RELIANCE.BSE,02/01/2024,11:33:10,2576.65,2576.65,4,2576.65,4,4,0
RELIANCE.BSE,02/01/2024,11:33:11,2576.2,2576.2,43,2576.2,43,43,0
RELIANCE.BSE,02/01/2024,11:33:13,2576.2,2576.2,43,2576.2,43,43,0
RELIANCE.BSE,02/01/2024,11:33:14,2576.2,2576.2,31,2576.2,31,31,0
RELIANCE.BSE,02/01/2024,11:33:36,2577.05,2577.05,12,2577.05,12,12,0
RELIANCE.BSE,02/01/2024,11:33:38,2576.25,2576.25,10,2576.25,10,10,0
RELIANCE.BSE,02/01/2024,11:33:39,2577.3,2577.3,10,2577.3,10,10,0
RELIANCE.BSE,02/01/2024,11:33:52,2576.5,2576.5,10,2576.5,10,10,0
RELIANCE.BSE,02/01/2024,11:34:00,2577.3,2577.3,5,2577.3,5,5,0
RELIANCE.BSE,02/01/2024,11:34:09,2577,2577,23,2577,23,23,0
RELIANCE.BSE,02/01/2024,11:34:28,2576.8,2576.8,43,2576.8,43,43,0
RELIANCE.BSE,02/01/2024,11:34:30,2576.2,2576.2,43,2576.2,43,43,0
RELIANCE.BSE,02/01/2024,11:34:31,2576.2,2576.2,7,2576.2,7,7,0
RELIANCE.BSE,02/01/2024,11:34:31,2576.2,2576.2,36,2576.2,36,36,0
RELIANCE.BSE,02/01/2024,11:34:33,2576.2,2576.2,38,2576.2,38,38,0
RELIANCE.BSE,02/01/2024,11:34:37,2576.95,2576.95,10,2576.95,10,10,0
RELIANCE.BSE,02/01/2024,11:34:40,2576.2,2576.2,33,2576.2,33,33,0
RELIANCE.BSE,02/01/2024,11:34:41,2577,2577,1,2577,1,1,0
RELIANCE.BSE,02/01/2024,11:34:56,2577,2577,1,2577,1,1,0
RELIANCE.BSE,02/01/2024,11:35:46,2577,2577,18,2577,18,18,0
RELIANCE.BSE,02/01/2024,11:35:48,2576.5,2577,10,2576.5,10,10,0
